2986 4920
487 300 676 369 Cypriani
703 299 996 368 heptateuchos

316 509 350 561 ‘29
375 495 497 557 eminus
520 495 686 569 Abramus
710 495 841 557 memori
864 512 936 556 cum
959 496 1084 575 pectore
1107 496 1252 556 tractans

371 599 402 660 in
427 599 533 662 uerbis
557 598 674 661 domini
697 616 868 679 numquam
892 616 925 661 se
954 598 1121 679 adiungere
1150 597 1318 661 mendum.

317 719 351 772 30
376 724 433 768 nec
456 705 561 768 minus
586 707 617 767 et
640 705 744 767 Lodus
768 707 838 766 tuta
861 706 1032 785 conpostus
1054 703 1086 765 in
1111 703 1184 766 aula

373 811 512 874 solamen
536 813 643 873 tenero
666 810 748 873 natis
771 811 951 891 praestabat
974 828 1088 881 amore,

316 931 347 983 31
375 935 453 996 quae
479 916 545 979 sine
570 915 756 998 coniugibus
780 915 950 996 nequibant
973 915 1062 978 edere
1086 916 1218 996 prolem.

371 1021 438 1097 hae,
464 1041 536 1085 cum
559 1022 773 1103 perspicerent
796 1023 955 1085 sublatum
980 1021 1129 1104 germinis
1153 1042 1254 1086 usum

370 1131 608 1209 maternumque
633 1127 728 1191 decus
752 1130 819 1191 solo
844 1127 984 1210 genitore
1007 1128 1126 1203 relicto,

315 1247 348 1299 32
373 1237 553 1314 conponunt
577 1235 684 1314 epulas
708 1252 744 1297 ac
767 1236 916 1314 promunt
938 1232 1013 1295 uina
1034 1233 1166 1314 parenti,

371 1339 497 1402 nescius
522 1342 559 1401 ut
582 1338 718 1401 uetitum
741 1341 884 1401 natarum
908 1341 1052 1401 nosceret
1074 1357 1179 1401 usum.

170 1441 233 1502 675
369 1461 426 1506 nec
448 1462 544 1509 mora.
569 1444 711 1507 femineis
736 1445 909 1508 concrescit
933 1444 1053 1508 sarcina
1075 1444 1162 1507 fibris

312 1562 345 1615 37
371 1551 403 1611 et
424 1549 515 1630 parili
539 1550 699 1612 ambarum
724 1551 835 1613 uitalia
857 1550 967 1613 fomite
991 1553 1129 1632 turgent.

368 1653 469 1734 prima
492 1657 577 1717 creat
598 1675 729 1736 puerum
753 1656 854 1738 patrio
878 1673 1020 1719 sermone
1040 1655 1205 1747 «Moabum

311 1772 344 1825 38
370 1759 468 1821 altera
492 1759 669 1841 disparibus
692 1761 880 1823 Ammanum
905 1763 1066 1841 nuncupat
1089 1760 1178 1824 orsis.

367 1863 418 1927 bic
441 1867 530 1946 pater
552 1866 746 1941 Ammorum,
771 1867 893 1950 genitor
916 1865 1109 1929 Moabitibus
1133 1866 1188 1929 ille
1213 1872 1276 1935 est.

169 1968 232 2030 680
244 1969 287 2032 ab
330 1986 342 2036 1
413 1970 536 2033 Interea
560 1972 680 2034 excedit
702 1972 814 2054 positis
840 1973 876 2035 de
901 1972 1029 2035 sedibus
1052 1972 1169 2035 Abram

367 2078 399 2138 et
423 2074 574 2139 Geramm
598 2077 636 2139 ad
660 2080 758 2140 terras
783 2077 868 2141 socia
891 2095 963 2139 cum
988 2077 1119 2160 coniuge
1142 2078 1269 2142 transit.

327 2196 342 2247 2
367 2181 417 2244 hic
440 2181 664 2246 Abimelechus
689 2183 816 2264 cupiens
842 2183 998 2246 consortia
1021 2182 1128 2246 Samae

364 2286 513 2368 principis
537 2288 663 2352 arbitrio
688 2287 881 2371 (germanam
906 2307 976 2351 nam
1000 2288 1065 2352 iore
1088 2291 1178 2353 uates

368 2391 485 2454 dixerat
509 2393 649 2469 eximius,
674 2394 814 2457 fraudem
838 2414 876 2457 ne
899 2394 999 2457 forma
1021 2397 1143 2475 pararet

162 2491 231 2564 085
367 2497 511 2580 coniugis
534 2499 679 2564 innocuo.
704 2500 819 2564 riuales
844 2499 919 2562 dum
944 2503 1035 2563 cauet
1057 2499 1133 2584 iras)

327 2619 343 2671 3
367 2622 424 2667 uec
447 2607 550 2667 tamen
576 2605 696 2667 eualuit
719 2604 832 2668 ualidis
856 2604 1026 2669 terroribus
1052 2608 1150 2679 actua,

364 2709 417 2791 qui
440 2713 577 2773 mentem
603 2709 761 2785 adficiunt,
787 2711 932 2792 quotiens
951 2730 1099 2792 peruersa
1116 2711 1214 2776 libido
1235 2717 1306 2778 est:

366 2833 437 2877 nam
462 2814 539 2878 deus
562 2815 693 2880 inmisso
718 2817 811 2880 torsit
833 2817 943 2881 lictore
967 2820 1142 2899 tyrannum,

365 2919 419 3001 qui
444 2937 515 2982 cum
539 2920 674 2984 terrifico
698 2921 837 3002 rupisset
860 2921 982 2986 somnia
1005 2921 1087 2997 uisu,

161 3021 229 3090 690
325 3041 341 3093 9
364 3028 565 3108 prosequitur
588 3028 728 3109 trepidus
752 3031 858 3092 uatem
883 3029 933 3091 uin
957 3032 1062 3092 mente
1085 3048 1221 3109 reuersa,

364 3131 415 3194 cui
439 3131 529 3195 Sarra
552 3132 595 3195 sit
619 3131 702 3194 dicta
725 3151 821 3209 soror,
847 3152 904 3197 ceu
928 3133 1016 3196 nulla
1038 3133 1143 3196 mariti

362 3237 467 3301 uincla
489 3237 590 3320 ligent
607 3239 747 3318 nuptam,
772 3257 850 3319 quae
875 3238 917 3302 sit
937 3239 1104 3303 coniuncta
1120 3240 1306 3322 prophetae.

307 3358 339 3410 12
362 3342 416 3406 ille
442 3343 534 3406 docet
558 3361 668 3407 causas
692 3361 823 3424 seseque
847 3362 865 3405 a
889 3343 1016 3406 crimine
1040 3347 1164 3426 purgat,

199 3497 250 3550 667
268 3497 403 3567 mendum]
422 3498 569 3552 mdaciuG
621 3498 672 3552 668
692 3499 845 3567 conpostius
867 3501 888 3550 A
909 3501 1061 3567 compostus
1081 3499 1107 3552 G
1126 3500 1264 3569 copositus
1285 3501 1310 3555 G

164 3585 216 3638 670
244 3585 374 3639 aedereG
427 3587 478 3639 673
506 3589 633 3655 prumunt
652 3586 677 3638 G
732 3586 783 3638 676
811 3585 915 3655 fomite]
935 3587 1031 3638 sumite
1052 3587 1077 3638 G
1131 3587 1306 3640 67891111ηο-

163 3689 227 3724 num
243 3675 267 3724 A
323 3673 374 3726 679
389 3690 540 3727 ammonam
555 3674 580 3726 G
635 3673 686 3726 680
701 3673 803 3726 sidibus
822 3674 846 3726 G
901 3673 950 3726 681
968 3690 1090 3742 gerarum
1106 3675 1128 3728 G
1140 3691 1262 3744 generum
1280 3676 1307 3730 G

164 3765 365 3829 generarumA
429 3762 480 3815 683
499 3762 632 3831 principes
653 3762 699 3815 GG
742 3761 846 3814 arbitrii
871 3763 907 3816 G¹
949 3762 1019 3814 uatis
1040 3783 1061 3813 ω
1125 3762 1177 3815 685
1195 3763 1307 3818 innocui

165 3849 303 3902 „decoctae
358 3850 409 3902 686
429 3867 467 3902 arc
485 3867 538 3903 nou
557 3849 666 3902 tamen?
704 3849 807 3902 euoluit
826 3850 876 3902 AG
898 3849 984 3902 ualuit
1007 3850 1032 3901 G
1086 3850 1138 3904 687
1158 3852 1309 3920 quotiesG

165 3935 216 3989 688
233 3936 343 3989 inmisso
364 3938 415 3991 AC
476 3955 502 3990 u.
523 3938 573 3990 689
588 3943 653 4004 post
672 3937 722 3989 700
736 3937 845 4004 positus
864 3940 897 4002 G,
916 3937 966 3991 boc
986 3939 1042 3991 loco
1063 3938 1113 3991 AG
1155 3939 1261 3991 sumnia
1280 3940 1306 3991 G

165 4023 213 4076 691
235 4025 288 4093 cui]
307 4042 353 4078 cur
371 4025 528 4078 Marteuc'us
574 4041 648 4076 sacra
668 4028 692 4077 G
737 4025 838 4093 mariti]
856 4026 954 4078 maritu
975 4027 1011 4079 (ι’ι
1031 4026 1127 4078 marito
1146 4026 1307 4079 Martcuc'us

165 4111 216 4164 692
236 4115 314 4181 quae]
334 4130 393 4166 cum
407 4114 564 4167 Martcuics
600 4113 693 4166 siutG
730 4115 871 4168 diuuctaC
906 4115 1025 4185 profetae
1041 4115 1066 4167 G
1116 4115 1168 4168 693
1182 4118 1306 4184 seseque}

166 4217 216 4269 quc
236 4218 286 4254 cerr.
306 4207 330 4255 G
