2986 4920
652 341 802 393 Hilarii

300 538 326 601 si
350 539 428 602 l'acis
453 542 525 601 unte
550 537 655 613 deum,
680 536 834 618 quidquid
857 537 958 599 secere
982 535 1121 618 priores!

300 644 452 708 audenter
474 645 595 726 clepone
619 646 735 717 metus,
761 643 881 724 depone
904 640 1063 715 timorem,

300 752 429 834 concipe
454 753 559 814 mente
583 750 695 824 ‹leum3
720 751 804 813 uiros
830 749 918 813 dabit
940 749 993 811 ille
1017 748 1160 813 uiriles.·‘

301 859 377 922 haec
402 858 476 921 <lum
501 862 602 921 umtor
624 857 700 939 agit,
724 876 802 939 puer
825 855 864 919 acl
887 858 1055 938 praecepta
1078 854 1222 938 parentis

299 965 436 1047 respicit,
463 967 494 1028 et
518 965 621 1029 solnm
646 967 682 1027 ut
705 984 738 1028 se
762 964 852 1027 uidet
876 982 944 1027 esse
966 963 1125 1027 relictum.

299 1070 431 1133 sustulit
455 1070 485 1132 in
510 1071 633 1133 caelum
657 1071 768 1134 uultus
792 1071 975 1153 palmasque
1000 1069 1142 1151 supinas

299 1180 330 1240 et
353 1178 398 1241 sic
423 1195 501 1240 uoco
525 1181 636 1259 petens
661 1182 823 1241 notemum
847 1196 963 1241 numen
987 1176 1116 1241 adorat:

298 1304 391 1364 quem
417 1303 526 1348 secum
551 1304 645 1348 sensu
669 1284 785 1366 pariter
808 1287 950 1365 nutuque
972 1282 1115 1365 rogabat.

212 1394 225 1448 ἴ
301 1391 441 1455 uinceret
464 1393 501 1454 ut
523 1411 640 1475 regem,
666 1411 779 1456 saeuos
803 1395 837 1455 ut
862 1391 1004 1455 uinceret
1026 1390 1127 1472 ignes.

297 1499 390 1578 atque
415 1497 459 1560 ita
483 1517 543 1562 non
568 1497 685 1581 segnis,
710 1517 767 1563 uec
790 1518 845 1580 pro
869 1497 1044 1581 puerilibus
1070 1497 1161 1560 annis

296 1604 420 1685 prosilit
442 1604 630 1687 intrepidus,
654 1605 776 1669 medios
802 1605 949 1686 delapsus
973 1604 1005 1666 in
1030 1603 1131 1685 ignes.

296 1713 328 1771 et
350 1714 470 1794 pugnat
493 1712 605 1787 uictor,
629 1711 729 1776 donec
752 1715 907 1775 remearet
929 1711 960 1774 in
985 1710 1086 1773 altum

296 1817 426 1899 spiritus
451 1822 483 1881 et
505 1819 635 1881 frotmm
659 1822 782 1900 peteret
804 1821 926 1882 secreta
948 1817 1099 1898 priorum.

341 1924 425 1987 Dum
448 1944 526 2006 puer
549 1924 610 1988 istu
634 1925 725 2008 gerit,
750 1926 914 1989 solueruut
937 1922 1054 2005 gaudia
1078 1925 1229 1986 matrem:

295 2031 421 2110 iamque
445 2033 482 2093 ut
506 2033 572 2094 erat
594 2032 713 2095 lassata
735 2032 839 2106 mulis,
863 2031 926 2093 iam
950 2049 1028 2094 uoce
1054 2033 1168 2113 negato

295 2135 394 2218 spirat
418 2154 535 2209 ouans;
559 2137 702 2218 interque
726 2155 838 2200 manus
863 2137 1011 2218 conlapsa
1035 2153 1166 2199 suorum

295 2242 432 2306 concidit
455 2243 605 2307 exanimis
629 2244 831 2325 resolutaque
855 2244 996 2307 membra
1019 2244 1176 2325 quierunt.

293 2349 339 2412 sio
362 2350 432 2431 ipsa
456 2352 487 2412 ot
511 2349 576 2412 nati
600 2354 779 2413 sanctorum
803 2351 834 2412 in
859 2355 947 2432 porte
970 2352 1098 2432 recepto
1121 2352 1180 2413 est.

192 2541 243 2594 377
264 2541 404 2610 quidquid!
424 2542 447 2592 t}
535 2541 587 2595 380
606 2549 731 2611 precepta
749 2541 802 2595 ΟΡ
892 2542 942 2594 381
963 2542 1003 2609 utl
1024 2544 1115 2608 cums
1207 2543 1260 2596 388
1282 2549 1313 2598 ct

157 2672 248 2725 pugna
263 2658 289 2709 P
306 2662 441 2727 expugnat
450 2661 473 2724 f
536 2659 588 2711 389
608 2624 628 2726 pi
634 2658 719 2710 iorum
735 2657 761 2709 L
829 2658 880 2710 393
899 2655 1010 2710 menbra
1023 2657 1051 2709 P
1117 2656 1169 2710 394
1187 2657 1249 2726 ipsa
1270 2660 1311 2728 et]

156 2752 229 2820 ipsas
239 2755 261 2819 f

245 2928 411 2983 EXPLICIT
430 2927 567 2982 HYLARI
585 2928 633 2981 DE
652 2927 859 2983 uncfflours
897 2926 1112 2982 OPVSCVLVM
1135 2925 1309 2980 TERTVLI·

154 3017 219 3072 ANI
256 3018 303 3071 Du
322 3017 471 3072 uxorum
492 3016 638 3088 SODOME
656 3017 701 3070 ΕΤ
720 3017 848 3070 NINIVE
869 3016 930 3070 :212

244 3107 399 3176 lslrpliciunt
423 3124 515 3161 uersus
541 3108 566 3161 S.
590 3107 688 3160 Hilarii
711 3108 739 3160 in
762 3106 856 3160 Natali
884 3106 1090 3160 llochabeorum
1120 3107 1273 3174 Martyrum
1289 3108 1314 3171 f

157 3196 197 3261 (S.
218 3217 267 3254 oric.
289 3203 313 3248 ct
331 3200 357 3251 in
377 3197 531 3252 llaclrabois
547 3197 573 3252 ol
595 3195 702 3249 Sltbn'cr.
728 3199 799 3250 deest
814 3195 834 3246 l'
