2986 4920
495 351 659 404 Genesis
680 352 812 415 λιι-90
1185 353 1226 414 13

290 544 359 607 uisa
383 544 500 627 aperire
523 544 633 626 procul
655 548 779 608 montes
803 563 838 606 ac
862 543 989 607 uoluere
1012 542 1145 619 fumum,

163 648 197 731 (7
232 648 369 733 2010000
394 669 488 732 super
509 650 642 712 undarat
664 652 713 713 ter
736 649 846 731 quinas
869 652 984 732 pontus
1006 647 1038 711 in
1062 648 1171 713 ulnas:

230 771 263 822 14
286 755 416 819 decurso
439 755 501 817 iam
524 774 632 818 mense
657 755 768 818 dehinc
792 773 864 818 cum
887 755 968 817 trina
990 754 1126 819 secundo

86 859 151 922 320
287 858 407 921 lumina
429 862 593 936 restarent,
616 862 684 925 toto
707 861 770 923 iam
793 861 891 924 libera
914 860 1011 922 fluctu

287 969 369 1028 terra
391 965 452 1027 fuit
473 966 696 1048 propriumque
720 966 859 1031 ostendit
880 966 963 1029 laeta
985 965 1130 1030 uirorem.

248 1088 265 1138 4
289 1090 362 1153 ergo
387 1070 441 1133 ubi
465 1071 591 1135 nudatis
616 1072 758 1135 consedit
780 1071 940 1135 montibus
965 1087 1044 1134 arca.

286 1175 451 1238 Araratum
476 1176 529 1256 qui
552 1195 664 1239 nomeu
689 1177 804 1240 liabent
827 1194 967 1240 sermone
991 1178 1130 1252 uetustc,

286 1280 371 1343 laxat
394 1281 531 1344 claustra
554 1300 646 1346 senex
669 1282 802 1345 reddens
826 1300 909 1345 noua
931 1280 1051 1343 semina
1073 1284 1173 1345 terrae
1379 1305 1432 1358 324

84 1387 148 1449 325
226 1402 261 1455 ao
285 1387 496 1466 exstruxitque
520 1387 621 1451 libens
646 1388 776 1451 sacraria
801 1388 883 1451 festa
905 1385 1026 1450 tonanti
1232 1389 1421 1472 droul-54

283 1495 376 1573 atque
399 1511 520 1557 memor
542 1493 610 1556 uoti
634 1493 739 1557 adolet
763 1493 837 1556 dum
862 1491 971 1554 altaria
993 1491 1139 1567 flammis
1293 1461 1360 1516 pm,

226 1613 258 1665 21
284 1597 387 1661 hostia
411 1598 507 1680 digna
529 1598 599 1672 fuit
623 1599 717 1662 mites
742 1599 816 1661 dum
841 1597 944 1681 gignit
967 1596 1087 1671 odores

283 1704 337 1784 qui
361 1703 521 1766 dominum
547 1722 650 1767 coram
673 1705 766 1768 laetis
791 1723 863 1767 cum
886 1702 1013 1767 flatibus
1037 1702 1154 1768 halant.

283 1810 361 1881 tum
385 1827 424 1871 ne
448 1809 604 1873 consimili
626 1814 734 1892 pereat
757 1810 934 1873 discrimine
957 1811 1048 1883 terra,

82 1914 148 1975 330
285 1913 439 1976 diluuium
465 1915 609 1978 domiuus
633 1918 767 1979 uentura
788 1916 820 1978 in
843 1919 983 1996 tempora
1005 1913 1100 1989 tollit,

284 2019 414 2083 festinos
438 2039 562 2083 menses
587 2023 619 2084 et
640 2025 782 2102 tempora
803 2021 930 2088 mobilis
954 2019 1025 2082 anni

224 2140 260 2191 22
284 2125 457 2206 inrequieta
479 2125 591 2189 iubens
616 2129 784 2190 consuetos
807 2128 936 2191 uoluere
961 2144 1088 2197 cursus:

169 2230 190 2292 9
223 2245 255 2298 13
280 2231 334 2293 sed
359 2249 502 2294 croceum
526 2234 649 2294 tantum
674 2232 869 2295 curuandum
891 2231 922 2293 in
947 2231 1082 2297 nubibus
1103 2249 1219 2308 arcum,

224 2351 256 2402 14
280 2335 409 2398 candida
434 2354 505 2398 cum
531 2336 609 2400 sudo
633 2342 814 2418 praerorant
836 2337 938 2400 sidera
959 2335 1076 2401 nimbo.
1298 2367 1324 2408 ιο

77 2440 143 2500 333
279 2442 479 2522 prosequitur
501 2444 605 2505 uatem
632 2441 749 2505 domini
773 2442 949 2506 benedicto
973 2441 1092 2517 mitem,

166 2546 188 2608 a
241 2563 253 2614 1
281 2547 402 2611 scilicet
425 2552 461 2611 ut
485 2549 617 2624 eunctis,
641 2567 721 2629 quae
745 2549 841 2612 tellus
866 2551 898 2611 et
920 2566 1004 2610 mare
1029 2546 1140 2630 gignit,

279 2652 438 2735 imperitet
461 2653 553 2731 fidus,
579 2673 651 2717 eum
676 2653 740 2718 sint
763 2653 906 2718 subiecta
926 2652 1065 2741 regenti3

278 2758 456 2823 admonitus
479 2760 636 2842 pecudum
660 2777 767 2823 carnes
792 2776 950 2823 secernere
973 2757 1100 2834 mensis,

206 2878 208 2883 ·
235 2879 354 2944 equae
378 2884 439 2930 non
462 2865 565 2930 laxato
589 2865 689 2928 uitam
711 2865 831 2946 liquere
855 2882 982 2927 cruore:

75 2968 142 3030 310
277 2969 392 3035 idcireo
417 2971 564 3052 quoniam
586 2970 698 3034 multis
721 2970 798 3033 haee
820 2967 920 3032 indita
943 2986 1030 3030 mens
1055 2969 1113 3035 est.

237 3089 252 3141 5
280 3076 358 3150 „Ast
380 3076 474 3141 homo
499 3077 526 3140 si
549 3076 629 3140 ferro
653 3075 749 3139 fuerit
771 3075 823 3138 uel
847 3074 939 3138 dente
962 3072 1060 3137 ferino

277 3181 429 3263 perditus,
453 3179 637 3264 inquiram,“
666 3181 752 3259 uixit,
781 3180 853 3262 „qui
875 3180 952 3243 talia
973 3179 1099 3254 faxunt3

236 3299 251 3352 6
276 3285 433 3351 similibus
457 3287 532 3350 dant
555 3288 637 3351 colla
658 3286 760 3351 modis
784 3286 893 3350 fusura
915 3290 1085 3350 cruorem.“

222 3406 254 3457 19
278 3390 393 3454 diuidit
415 3392 487 3455 hinc
512 3393 656 3457 dominus
680 3392 788 3475 placiti
812 3411 883 3455 mox
905 3391 1036 3474 pignora
1059 3388 1143 3454 uatis
1294 3413 1321 3455 ao

76 3493 140 3555 345
276 3495 488 3578 secundasque
512 3497 602 3561 iubet
625 3497 785 3561 discretim
810 3515 933 3561 sumere
955 3499 1065 3570 terrae,

276 3605 313 3664 ut
334 3620 472 3666 uacuum
497 3603 593 3668 denso
618 3604 799 3685 conplorent
822 3601 961 3686 germine
985 3599 1148 3666 mundum.

110 3803 162 3856 319
181 3802 293 3859 decursu
310 3807 364 3860 iam
382 3825 457 3861 mens
476 3808 587 3862 edehine
605 3809 632 3860 A
677 3807 793 3861 seeundo
816 3804 968 3860 Osecando
986 3807 1013 3858 A
1033 3803 1169 3859 seeceindo
1191 3803 1217 3859 G

74 3890 126 3943 320
144 3894 342 3947 restaurentO
392 3895 444 3949 322
467 3895 585 3964 nudatis]
609 3894 764 3949 undetisG
828 3895 878 3948 323
907 3910 1042 3946 araracuru
1067 3908 1215 3960 000100

74 3977 126 4030 324
136 3977 249 4032 reddens
268 3981 357 4035 cntG
409 3981 780 4036 00325-37801000010
837 3981 888 4034 325
898 3980 1047 4034 extruxitA
1102 3979 1153 4032 326
1168 3978 1427 4036 adeat-utere

75 4065 174 4133 queO
224 4066 276 4120 328
296 4068 370 4122 alant
387 4070 443 4123 AC
459 4087 525 4125 corr.
544 4089 561 4121 π
616 4070 667 4123 329
692 4069 828 4122 consimile
846 4070 873 4121 A
909 4071 995 4122 terrae
1014 4069 1040 4120 A
1096 4066 1215 4120 3371111-

75 4155 151 4220 peret
170 4156 198 4207 et
214 4154 242 4206 A
296 4156 347 4210 338
369 4156 500 4226 pecodum
519 4173 623 4210 carnem
641 4157 668 4210 A
723 4157 773 4210 342
793 4156 859 4210 dicit
876 4156 904 4208 A
939 4155 1042 4222 faxunt}
1064 4153 1112 4207 Ac
1164 4153 1216 4207 344

77 4238 177 4307 placidi
191 4241 219 4293 A
273 4243 324 4296 346
345 4246 549 4315 complerentA
