2986 4920
666 370 816 423 Hilarii

281 566 426 630 constitit
449 569 544 647 atque
567 565 659 629 hilari
682 568 776 630 uultu
801 571 999 631 contemnere
1023 586 1130 650 regem

285 672 390 754 coepit
431 675 454 738 t.
479 675 515 734 ut
538 671 654 747 ridens,
678 673 823 737 ardentes
847 673 944 737 inruit
966 673 1056 757 ignes

283 778 515 860 conlapsosque
538 778 644 843 iacens
668 779 771 843 anima
794 783 960 862 superante
984 781 1117 861 quieuit.

197 926 203 946 .
285 887 386 947 mater
408 889 445 948 ut
468 885 527 949 hoc
550 884 642 960 uidit,
666 885 766 969 rigido
791 886 837 950 sic
861 906 913 951 ore
936 888 1044 952 locuta
1068 890 1135 951 est:

288 991 394 1065 „Felix
416 994 504 1073 parte
528 991 633 1073 aliqua
658 1010 748 1055 sum:
772 991 900 1055 iamiam
923 1012 985 1057 non
1008 996 1099 1075 potes
1124 1012 1245 1068 onmes

283 1116 378 1161 saeue
401 1102 541 1180 tyranne.
566 1116 653 1162 meos
678 1096 846 1162 cruciando
870 1098 996 1162 uincere
1020 1102 1120 1164 natos.

285 1206 317 1268 te
342 1204 469 1287 grauior
491 1222 562 1268 mor
584 1221 684 1285 poena
708 1207 824 1280 manet,
848 1202 995 1282 crudelis,
1018 1204 1144 1288 inique3

281 1328 374 1391 quam
399 1309 516 1392 patiere
541 1309 648 1381 breni;
674 1309 752 1372 deus
775 1309 853 1374 haec
877 1329 1011 1390 namque
1036 1312 1140 1375 omnia
1165 1313 1297 1376 cernit.“

352 1417 419 1480 Iam
444 1418 506 1481 duo
531 1416 633 1480 securi
657 1418 838 1498 contempto
861 1436 934 1501 rege
958 1418 1136 1497 manebant,

283 1543 356 1605 spes
381 1525 494 1589 melior
516 1525 579 1587 iam
602 1523 712 1587 matris
736 1527 820 1589 erat:
845 1525 907 1588 iam
931 1525 1045 1590 tertius
1068 1525 1168 1590 instat

283 1649 356 1694 ecce
380 1632 471 1696 locus
494 1649 632 1714 poenae:
657 1630 684 1694 si
707 1649 806 1712 poena
831 1634 880 1695 est
903 1631 1029 1696 uincere
1052 1651 1169 1716 regem,

285 1740 317 1801 et
340 1738 458 1802 seruire
483 1738 561 1802 deo:
584 1739 655 1802 laus
678 1741 737 1805 est.
762 1757 823 1801 uon
847 1757 946 1819 poena
969 1737 1113 1802 furentis.

283 1844 397 1908 tertius
422 1834 598 1908 adtrahitur
620 1843 745 1908 iuuenis
769 1843 931 1908 frendente
954 1847 1094 1928 tyranno,

199 1991 210 2013 ι
288 1951 343 2032 qui
365 1951 505 2015 nondum
530 1950 665 2015 satiatus
689 1953 773 2023 erat;
797 1951 883 2014 furor
904 1950 990 2014 intus
1015 1953 1047 2015 et
1069 1951 1114 2014 ira

285 2057 451 2121 saeuibaut
474 2058 600 2140 pariter.
625 2057 710 2138 quod
732 2057 825 2121 fortia
849 2061 976 2139 pectora
999 2058 1128 2122 fratrum

283 2163 407 2228 uiderat
430 2164 578 2247 inpouide
602 2163 686 2247 regis
710 2183 876 2246 superasse
899 2164 1045 2229 furorem.

285 2271 429 2335 constitit
453 2273 645 2355 antepedes
670 2271 795 2336 iuuenis
818 2271 1002 2335 florentibus
1026 2271 1125 2348 armis,

282 2379 428 2462 egregius
452 2379 562 2454 forma,
588 2378 703 2462 diguus
725 2378 779 2460 qui
801 2398 897 2462 regua
920 2382 1049 2452 teneret,

287 2484 412 2568 dignior
433 2484 602 2560 Antiocho
627 2489 659 2549 et
682 2484 727 2548 sio
750 2485 880 2549 meliora
904 2488 1033 2550 secutus

282 2611 388 2675 regnu.
414 2593 542 2658 uolente
568 2592 636 2656 deo.
661 2594 761 2655 mater
784 2591 834 2656 eni
858 2592 933 2656 talia
956 2593 1057 2665 fatur:

284 2697 431 2780 „Accipe
456 2701 538 2767 nate.
563 2702 637 2762 tuae
661 2717 792 2762 securus
816 2698 900 2762 dicta
922 2699 1078 2781 parentis;

280 2805 397 2887 accipe,
424 2824 463 2868 ne
486 2805 592 2888 segnis
616 2803 728 2887 perdas
752 2804 880 2869 uirtutis
904 2805 1047 2870 indueres.

282 2914 357 2974 sunt
379 2911 439 2975 tibi
462 2913 525 2976 iam
549 2912 660 2976 tratres
684 2911 811 2993 pietatis
836 2912 910 2976 sede
933 2916 1103 2976 manentes.

193 3059 202 3080 ι
282 3018 344 3081 iam
368 3019 499 3083 metiore
522 3019 604 3092 loco,
629 3037 722 3099 quam
746 3038 841 3102 regna
863 3018 1001 3083 labentia
1023 3018 1116 3101 regis.

280 3142 413 3205 quorum
438 3123 465 3187 si
488 3124 630 3206 proprios
654 3123 784 3206 attingis
807 3127 933 3206 pectore
958 3142 1081 3199 seusus,

280 3227 383 3292 uictor
406 3227 490 3310 apud
513 3228 648 3311 populos
672 3248 776 3312 regern
801 3248 966 3312 superasse
990 3229 1107 3294 fereris.

281 3334 365 3398 sicut
387 3334 472 3397 fama
493 3338 567 3399 tuos
591 3335 652 3398 iam
677 3335 764 3401 misit
786 3336 818 3400 in
841 3337 944 3402 omnia
967 3336 1089 3401 fratres.

276 3441 326 3505 his
353 3441 478 3515 accede,
503 3461 631 3525 precem
656 3445 730 3506 sunt
753 3443 829 3506 haec
853 3443 1018 3526 aptissima
1041 3444 1120 3506 (tono

178 3657 228 3712 102
248 3661 437 3727 contempnere
456 3658 503 3712 CL
560 3661 610 3714 103
630 3661 690 3713 inru
702 3661 723 3729 t}
742 3661 791 3713 01³
856 3662 906 3715 100
925 3679 984 3714 sum
1003 3663 1055 3715 iam
1076 3661 1137 3730 inm]
1158 3661 1213 3715 iam
1231 3679 1294 3716 sum

140 3745 226 3814 iomf
258 3746 330 3815 potis
340 3743 360 3813 f
415 3746 464 3800 107
484 3747 657 3816 cremandos
708 3749 759 3802 108
778 3749 815 3818 te]
837 3750 904 3803 etL
941 3768 1009 3820 pena
1023 3751 1050 3803 Ρ
1104 3750 1154 3804 100
1173 3750 1295 3805 breueP

141 3832 216 3903 deus]
232 3833 332 3887 dicitur
346 3835 372 3887 P
405 3852 519 3904 numque
535 3836 631 3903 haccf
683 3837 734 3891 112
748 3838 771 3890 si
785 3837 913 3908 pirenefy
929 3840 955 3892 L
1011 3839 1062 3944 11¹4
1076 3839 1237 3910 adtrahitur]
1258 3840 1298 3909 Cf

141 3947 246 4002 tiranno
262 3949 288 4001 L
353 3950 404 4002 117
423 3950 560 4020 iupauide]
579 3951 653 4005 OPL
723 3953 773 4005 120
792 3953 899 4007 antinoo
917 3955 941 4008 (t
956 3955 1062 4008 antioc-0
1078 3955 1103 4008 L
1122 3955 1250 4009 euthicho
1266 3955 1296 4008 P

141 4039 169 4090 et
183 4035 229 4106 sic]
250 4053 343 4090 nerum
352 4038 374 4104 f
427 4038 476 4090 123
496 4039 538 4108 net
559 4056 608 4092 nec
617 4041 639 4106 f
671 4041 756 4109 signis
773 4040 797 4094 0
813 4043 903 4111 segnis
923 4060 955 4096 er
973 4060 1069 4113 segnes
1085 4047 1139 4112 (pr.
1154 4043 1249 4110 cerri)
1266 4044 1294 4097 P

143 4124 194 4178 124
212 4125 304 4179 fratris
319 4126 347 4178 B
439 4128 489 4180 125
513 4127 575 4197 iarn]
601 4128 667 4182 item
686 4129 714 4180 B
753 4129 873 4183 lubentia
893 4130 964 4199 Hs
983 4131 1110 4185 debentia
1128 4131 1152 4185 G
1167 4130 1293 4187 labantia

140 4212 213 4266 Beer
227 4213 321 4283 Tuque
336 4215 395 4268 ioco
410 4216 515 4268 meliori
530 4234 555 4286 q.
570 4216 588 4269 l.
603 4219 717 4286 regnas
769 4218 819 4271 126
835 4218 858 4270 si
871 4218 936 4272 Ctu
951 4219 994 4287 Lf
1004 4236 1054 4274 om.
1072 4219 1097 4271 P
1132 4221 1255 4290 attingas
1265 4219 1294 4275 L

140 4302 190 4354 127
209 4301 301 4371 fereris
316 4303 343 4355 P
360 4304 509 4371 ferentesf
561 4305 611 4358 128
630 4306 701 4358 fama
717 4325 722 4358 :
738 4305 764 4359 fa
784 4323 816 4359 er
834 4306 860 4360 fo
878 4324 920 4375 pr.
941 4324 1008 4362 corr.
1023 4308 1050 4360 P
1085 4308 1175 4362 fratris
1190 4308 1218 4361 B
