2986 4920
712 369 841 421 Hilari

359 570 462 647 teque.
486 568 583 648 pater.
608 565 703 628 uariis
728 570 850 628 armant
872 550 1043 627 terroribus
1067 562 1160 626 ultro.

406 673 431 735 T
434 692 486 736 um
510 673 645 755 primum
670 671 758 735 uenti
781 688 909 754 coepere
933 670 1113 734 incumbere
1135 668 1240 739 terris,

354 780 599 862 intempestiuus
623 778 812 843 descendere
836 777 974 841 nubibus
997 777 1113 840 imber:

353 886 577 950 fulminatum
603 887 738 968 primunr
763 887 849 949 eaelo
875 884 997 949 deiecta
1020 901 1140 947 sereno.

352 992 475 1057 liquida
500 997 569 1055 turn
593 993 710 1075 grando
735 993 878 1056 turbatos
903 991 1048 1054 uerberat
1070 1008 1173 1072 agros

355 1099 494 1163 tonitrua
518 1100 653 1163 altisono
677 1099 829 1164 infractus
853 1100 1029 1160 murmurat
1052 1096 1169 1160 aether.

359 1225 415 1270 uec
438 1210 543 1270 tamen
567 1207 628 1270 ista
651 1208 751 1271 mulos
775 1210 945 1271 reuocant:
967 1206 1053 1268 furor
1075 1203 1192 1286 impius
1217 1203 1330 1266 orbem

361 1312 485 1377 obsidet
509 1316 540 1376 et
561 1313 639 1378 laxis
663 1315 764 1378 rabies
789 1313 928 1377 defertur
950 1310 1090 1374 habenis.

359 1418 442 1482 bella
465 1420 591 1502 placent
614 1418 788 1500 caedesque
812 1418 917 1482 simul.
941 1412 1085 1500 periuria.
1109 1415 1246 1480 tiuudes.

359 1509 546 1607 mentirique
569 1526 656 1589 libet.
679 1545 787 1607 rapere
811 1528 860 1589 est
883 1544 978 1589 amor.
1004 1523 1116 1588 abdere
1139 1522 1241 1595 lurta;

359 1632 445 1695 nulla
471 1632 548 1696 tides
572 1633 709 1714 populis.
736 1632 821 1694 nulla
846 1633 896 1694 est
918 1630 979 1693 iam
1004 1629 1122 1693 ueritas
1145 1647 1293 1708 usquam.

402 1738 532 1802 Diluuio
557 1740 696 1802 abluitur
717 1742 870 1801 terrarum
895 1737 1010 1801 crimen
1035 1742 1067 1799 et
1089 1735 1193 1811 undis,

359 1845 470 1925 uirque
494 1864 575 1908 uuus
599 1844 717 1908 residet
739 1845 862 1926 generis
886 1841 1058 1926 populique
1080 1842 1224 1905 refector.

358 1955 452 2033 atque
475 1971 568 2016 unns.
592 1951 684 2014 multi
707 1970 762 2033 per
785 1970 877 2032 quem
902 1951 973 2014 data
996 1951 1067 2014 lnce
1090 1949 1208 2015 renati:

358 2078 428 2121 area
452 2058 533 2142 tegit
554 2078 682 2141 paucos.
708 2061 880 2122 castrorum
905 2057 1025 2120 semina
1048 2074 1187 2120 seruans

358 2164 418 2227 iam
444 2168 512 2228 tum
537 2165 662 2228 uenturi
684 2165 780 2228 facies
804 2168 977 2228 monstratu
1000 2163 1128 2228 lauracn'.

249 2317 255 2331 .
358 2275 523 2353 susceptos
547 2271 608 2336 fido
633 2290 762 2336 seruans
787 2270 920 2335 eeclesia
942 2273 1044 2352 partu.

402 2380 572 2461 Postquam
597 2379 709 2443 diluuii
734 2377 848 2442 recidit
869 2380 984 2454 tumor,
1008 2376 1090 2440 unda
1113 2375 1240 2449 resedit,

359 2487 424 2549 ales
448 2487 601 2569 paciferae
624 2487 736 2552 folium
759 2485 899 2569 portauit
922 2484 1035 2549 oliuae.

359 2593 421 2655 iam
445 2593 538 2657 siccis
561 2594 706 2656 reuolans
729 2592 832 2675 pinnis
856 2591 943 2654 dedit
965 2590 1069 2655 ornina
1092 2591 1189 2673 pacis.

404 2698 484 2761 Tum
507 2700 643 2782 populus
667 2702 771 2782 surgit
792 2699 912 2764 melior.
935 2704 1004 2761 tum
1027 2697 1133 2780 purior
1155 2698 1248 2761 undis

272 2809 285 2867 ἔ
359 2825 436 2888 gens
459 2805 632 2871 bominum.
657 2824 787 2888 magnos
810 2805 901 2868 terris
925 2805 1062 2886 paritura
1086 2808 1226 2887 nepotes

358 2911 429 2975 iude
454 2911 624 2975 sacerdotis
647 2912 678 2974 in
703 2912 824 2975 caelum
850 2911 956 2974 dedita
979 2911 1081 2976 eorda.

263 3157 311 3210 174
332 3162 451 3210 armante
475 3156 597 3226 proribus
616 3156 686 3210 ultro
701 3156 756 3208 AB
775 3173 874 3224 comp
893 3164 997 3209 armant
1016 3157 1107 3210 celeris
1125 3157 1231 3210 normas
1249 3157 1265 3209 b
1284 3174 1319 3223 or,
1337 3157 1370 3210 br

230 3247 367 3300 lictorius
389 3263 438 3299 see.
457 3263 490 3299 or.
516 3244 550 3299 ad
573 3246 686 3298 fulmina
709 3246 787 3298 saetis
807 3245 947 3309 (redebitum
972 3250 1076 3299 annunt
1102 3245 1196 3316 punire
1224 3245 1332 3314 periclis
1350 3247 1374 3313 f

228 3335 277 3388 175
296 3335 372 3387 nenti
391 3351 529 3404 coeperep
549 3334 624 3388 uenit
644 3334 804 3404 opereABb
824 3335 944 3387 uenienti
964 3351 1058 3404 operas
1068 3351 1095 3386 uc
1108 3334 1181 3387 mala
1195 3338 1341 3403 coeperunt
1350 3334 1374 3401 s

228 3424 278 3477 176
305 3423 465 3478 descendero
487 3423 558 3476 ABb
587 3423 725 3476 deseendit
749 3441 775 3476 our
811 3422 891 3476 nubis
914 3424 941 3475 Β
977 3422 1071 3493 ymber
1093 3423 1148 3476 AB
1252 3423 1305 3476 179
1332 3423 1369 3476 Et

224 3512 346 3566 tonitrua
360 3513 415 3566 AB
442 3513 477 3567 Et
505 3514 648 3567 tonitrum
676 3513 711 3566 Et
740 3513 827 3582 del.p
864 3513 1057 3566 contractusve
1151 3512 1201 3566 180
1230 3510 1294 3566 orbe
1312 3513 1370 3565 AB

227 3627 274 3681 181
292 3626 461 3682 obsiditAB
516 3629 568 3683 182
583 3629 659 3683 cedes
674 3629 729 3681 AB
765 3627 909 3696 simulij
966 3627 1016 3682 184
1035 3594 1370 3698 υηιᾳηαιηΑιιζῳιεωΒ

225 3733 338 3786 nsquam
360 3735 386 3770 or
432 3719 506 3772 nulla
534 3724 575 3772 est
602 3719 755 3773 reuerentia
783 3719 840 3771 neri
858 3720 880 3787 f
992 3717 1042 3770 186
1071 3717 1165 3787 uirque
1194 3721 1222 3770 11
1249 3734 1318 3771 unus
1340 3718 1370 3770 Β

225 3806 680 3877 18911111871118811111111
777 3807 828 3860 189
847 3807 933 3876 adque
949 3807 976 3858 Β
1012 3806 1123 3874 multip
1142 3823 1202 3859 cam
1223 3804 1370 3860 CBortbr'o

224 3894 318 3947 multis
333 3894 424 3948 ABm
481 3896 531 3949 188
550 3896 603 3951 ianr
622 3899 692 3966 tum]
710 3898 763 3951 iam
779 3897 873 3951 iarum
929 3896 980 3949 190
995 3895 1174 3964 susceptosA
1189 3895 1370 3965 susceptorB

225 4009 278 4062 fido
294 4009 321 4061 B
349 4009 456 4064 fidosA
495 3977 641 4066 eciesiau
678 4012 725 4067 sed
754 4015 845 4081 septos
875 4026 985 4063 semans
1014 4010 1127 4063 eeclesia
1154 4010 1253 4079 partim
1266 4027 1294 4064 m
1321 4010 1370 4064 sed

226 4101 317 4167 septos
346 4115 456 4152 seruans
484 4101 597 4154 ecclesia
624 4119 708 4171 parua
736 4105 875 4168 teneturs
963 4100 1011 4152 191
1042 4098 1125 4166 undat
1148 4101 1176 4151 et
1199 4097 1271 4152 unda
1289 4100 1317 4151 A
1341 4104 1370 4153 ct

227 4179 338 4278 undqu
447 4216 498 4268 192
517 4215 636 4269 alisAB
751 4216 801 4269 193
820 4215 915 4285 pennis
929 4232 953 4269 or
993 4213 1082 4267 omina
1095 4212 1161 4266 Bbu
1180 4213 1268 4267 omnia
1283 4213 1369 4267 Anu

229 4301 279 4354 194
297 4303 402 4372 melior]
421 4305 536 4372 maiorf
559 4321 606 4358 rua
627 4305 766 4359 lor-203
785 4305 869 4358 r'ur'b'a
888 4309 996 4358 loretum
1013 4303 1153 4358 recluserat

89 4502 228 4594 A
