2986 4920
545 347 587 400 de
616 345 873 400 Machabaeis

288 544 390 617 natus,
415 546 447 606 et
470 543 603 606 attonita
627 545 733 606 mente
755 541 946 607 confundere
970 540 1084 625 coepit.

287 647 370 713 huno
392 651 563 732 postquam
587 652 724 714 stantem
748 648 920 713 summisso
943 647 1064 712 iumine
1086 647 1177 723 uidit,

288 755 405 819 talibus
429 755 612 839 aggreditur
635 755 740 833 dictis,
764 754 923 821 monitura
944 755 1128 820 timentem:

288 879 305 924 a
327 861 427 944 primo
451 867 583 943 quartus
606 865 716 945 partus
739 862 818 926 mihi
841 865 972 945 quartus
996 863 1034 927 ab
1057 862 1132 938 imo,

287 987 366 1051 quae
390 988 472 1033 nunc
495 970 593 1034 uerba
615 969 684 1034 tibi.
708 988 789 1051 quae
811 989 943 1053 possum
967 969 1070 1034 dicere
1093 972 1191 1033 nate?

286 1075 346 1140 hoc
369 1075 430 1140 nisi
453 1076 537 1158 qnod
561 1076 666 1142 solum
690 1076 801 1141 durata
823 1077 966 1160 potentia
987 1079 1094 1141 tecum

286 1181 328 1244 sit
351 1182 448 1246 simul
471 1186 504 1247 et
526 1183 639 1258 uirtus,
665 1186 854 1265 sanctaeque
878 1183 1008 1267 originis
1032 1186 1142 1247 auctor

190 1288 214 1346 ’ζ
285 1287 332 1351 1111
355 1288 507 1354 debemus
531 1290 599 1373 regi
623 1290 832 1372 quodcunque
856 1309 1012 1374 rogamur.

286 1393 340 1458 ille
364 1395 452 1460 dedit
474 1396 564 1461 nobis
587 1396 747 1460 Abrabam
771 1414 844 1459 oum
868 1395 989 1461 semine
1012 1398 1132 1461 sancto.

285 1520 341 1582 per
362 1521 456 1583 quem
480 1503 640 1575 nobilitas,
665 1522 721 1585 per·
743 1521 837 1586 quem
861 1522 962 1586 genus
986 1519 1079 1567 omne
1101 1502 1262 1584 probatur,

283 1608 367 1689 quod
390 1613 497 1673 manet
519 1610 550 1672 in
576 1609 749 1675 dominum.
774 1613 904 1674 sanctus
929 1609 982 1692 qui
1005 1608 1148 1673 nascitur
1168 1609 1248 1686 isac,

284 1719 359 1780 tunc
383 1735 456 1780 cum
479 1717 543 1780 iarn
568 1703 692 1782 nulium
715 1721 825 1782 natum
849 1737 974 1801 sperare
998 1719 1146 1782 senectus

177 1823 194 1843 ⁹
287 1826 397 1906 sponte
422 1844 480 1888 sua
502 1828 636 1908 poterat,
660 1825 778 1890 sterilis
802 1824 876 1906 quia
900 1825 991 1890 Sarra
1014 1823 1171 1888 manebat.

285 1934 422 1996 attamen
446 1932 524 1998 haec
546 1933 680 2016 peperit,
703 1932 873 2016 generique
896 1930 1068 2015 propagine
1092 1934 1204 2012 coepta

283 2059 318 2103 ex
341 2040 499 2123 insperato
523 2043 686 2104 remanent
708 2039 767 2103 tibi
791 2038 883 2104 Sarra
904 2041 1046 2122 nepotes

282 2146 366 2210 Esau
390 2150 421 2210 et
443 2147 577 2230 patriam
601 2147 757 2212 deductus
781 2147 875 2211 Iacob
898 2146 930 2209 in
953 2165 1059 2210 unam.

284 2271 362 2334 quos
385 2253 532 2336 precibus
555 2257 648 2337 partu
671 2254 797 2337 gemino
820 2253 981 2336 peperisse
1004 2251 1156 2325 Rebecca,

196 2361 209 2419 ἱ
283 2358 355 2424 binc
372 2379 495 2437 sumus,
511 2361 584 2424 hinc
600 2361 728 2426 orimur.
746 2379 846 2444 genus
866 2360 926 2424 hoc
944 2358 1004 2423 tibi
1023 2360 1094 2422 nate
1112 2355 1294 2440 petendum,

282 2469 318 2529 tu
342 2466 401 2532 tibi
422 2467 524 2551 pande
548 2467 634 2531 uiam
658 2467 793 2551 generis,
818 2465 872 2547 qui
895 2483 964 2530 arce
987 2465 1138 2548 priorum.

281 2592 415 2654 quorum
438 2575 605 2658 progenies
628 2577 734 2638 totum
758 2572 901 2656 dispersa
921 2591 977 2655 per
1000 2572 1106 2637 orbem

281 2678 436 2743 inuidiam
459 2680 589 2763 patitur,
614 2680 776 2744 dominum
802 2679 876 2761 quia
898 2679 967 2743 sola
989 2682 1151 2762 potentem

281 2789 387 2850 mente
411 2787 497 2863 colit,
521 2787 638 2852 mixtae
662 2803 720 2852 nec
743 2787 853 2850 turbae
877 2786 1001 2869 accepit
1023 2785 1159 2868 iniquae.

280 2893 356 2973 quid
378 2893 438 2957 tibi
462 2913 534 2958 oum
557 2894 642 2958 tristi
664 2895 784 2959 uultu?
809 2893 885 2977 quid
907 2893 1029 2957 lumina
1050 2897 1151 2957 terrae

281 2998 341 3062 fixa
363 3002 478 3065 tenes?
503 3002 628 3065 coelum
651 3001 770 3084 potius,
795 3001 938 3083 coelique
961 3003 1124 3084 parentem

281 3106 438 3188 conspice,
463 3126 502 3170 ne
526 3106 647 3172 dubita.
672 3112 773 3171 mater·
794 3107 854 3171 tibi
877 3126 1027 3191 prospera
1050 3110 1216 3171 monstrat.

278 3211 429 3293 quioquid
451 3212 484 3275 id
508 3217 569 3279 est.
593 3214 751 3295 patienter
774 3213 859 3289 audi,
883 3213 1027 3278 consenti
1050 3213 1067 3244 ⁴*

184 3428 233 3481 158
254 3427 399 3480 attonitam
418 3429 536 3480 mentem
608 3427 659 3482 159
679 3425 811 3480 submisso
883 3427 933 3481 163
953 3428 1050 3498 solnm]
1071 3429 1139 3482 coeli
1195 3431 1246 3484 164
1265 3434 1293 3484 ct

144 3520 252 3568 sanetae
332 3515 383 3570 168
402 3517 510 3569 sanctus
531 3515 574 3568 cui
653 3515 703 3569 173
722 3515 826 3568 Esauus
906 3516 957 3568 174
977 3517 1110 3588 precibus]
1130 3521 1232 3573 certum
1252 3521 1294 3572 est

145 3605 195 3657 176
215 3604 275 3674 quis
294 3604 323 3658 in
341 3621 365 3658 a.
380 3604 486 3674 piorurn
525 3604 575 3657 178
590 3604 712 3674 patitur?
752 3605 802 3658 179
816 3605 929 3659 accessit
967 3604 1019 3659 183
1035 3602 1208 3658 consensibus
1223 3620 1292 3672 ange

181 3745 326 3814 mouson]
359 3747 400 3799 nit
453 3746 504 3799 166
519 3745 676 3815 adgreditur
728 3748 776 3801 161
794 3747 1025 3817 quartnsaprimo
1079 3748 1130 3800 164
1150 3747 1194 3800 Sic
1212 3747 1292 3800 simul

143 3839 188 3886 sta
206 3851 258 3903 qne
278 3835 395 3904 origenis
411 3837 455 3904 (ge
470 3835 500 3887 r'n
515 3834 544 3904 gi
559 3836 608 3903 al.)
684 3837 734 3889 166
753 3836 888 3906 rogamur]
907 3852 1038 3905 negamus
1113 3835 1163 3888 166
1182 3833 1293 3888 abrham

146 3919 195 3973 168
213 3921 242 3974 in
261 3920 305 3975 dm
325 3929 380 3975 scm
416 3923 488 3976 isaac
543 3924 595 3977 169
614 3929 737 3997 senectus
808 3925 994 3979 170111111111
1068 3924 1115 3982 171
1136 3923 1184 3978 sol
1201 3928 1292 3978 tamen

146 4009 252 4079 peperit
342 4010 394 4064 172
412 4012 501 4080 patria
519 4003 597 4065 iacob
616 4029 697 4066 unam
793 4015 845 4067 174
863 4018 970 4084 parturn
990 4013 1126 4083 geminum
1147 4013 1292 4083 (peperisse

142 4096 264 4151 Rebecca
281 4115 341 4163 om„
360 4100 391 4152 iu
409 4117 494 4169 orrarp.
514 4117 582 4155 crum
601 4103 666 4156 add.
687 4106 721 4170 ÷)
780 4103 830 4156 176
848 4104 910 4157 hinc
925 4103 1039 4157 corimur
1094 4102 1145 4155 176
1160 4102 1207 4172 qni
1221 4102 1290 4171 arce]

144 4202 194 4254 quc
214 4202 274 4239 asce
354 4189 405 4241 179
424 4193 541 4242 mentem
634 4190 682 4243 181
704 4195 798 4245 tenens
881 4192 932 4246 183
951 4198 1012 4260 post
1030 4192 1152 4246 consenti
1170 4192 1291 4259 spatium

142 4290 262 4328 nucarum
