2986 4920
547 391 699 447 Euodus
719 393 784 453 aaa
823 392 877 455 34,s

362 587 505 653 certatim
527 588 635 652 uidere
656 586 718 652 uiri
742 586 864 671 ipsique
887 586 1030 652 uicissim

361 694 543 778 gaudebant
564 694 675 759 inferre
699 694 831 779 gradum
853 694 907 758 uel
930 693 1041 758 sistere
1065 694 1190 758 contra:

323 816 339 867 2
364 818 436 864 cum
460 799 575 876 subito,
600 799 789 865 horrendum
812 799 895 876 uisu,
919 799 1001 863 nubs
1023 796 1146 881 fulgida
1169 797 1254 862 caelo

360 907 478 971 labitur
501 910 533 971 et
556 905 672 972 summi
694 906 854 990 perfundit
876 906 1014 971 culmina
1036 905 1165 988 templi;

304 1031 335 1083 11
361 1014 499 1097 dumque
522 1014 594 1097 pius
617 1016 708 1079 uates
731 1014 882 1098 graditur.
906 1014 982 1078 dum
1001 1011 1112 1077 deinde
1130 1013 1280 1076 recursat.

363 1119 493 1184 aedibus
516 1117 547 1182 in
572 1118 690 1183 domini
714 1137 837 1202 semper
860 1138 893 1183 22
918 1117 1057 1183 condidit
1079 1116 1182 1181 Auses

306 1242 339 1293 12
363 1244 518 1307 nusquam
542 1224 753 1309 progrediens.
779 1229 811 1288 at
833 1227 924 1289 22122
948 1224 1032 1289 dicta
1054 1222 1192 1288 reuoluit

363 1351 432 1396 cum
454 1331 579 1397 domino
600 1334 751 1397 consueta
770 1332 840 1410 sibi,
856 1351 998 1415 quaeque
1018 1333 1108 1395 antea
1127 1349 1187 1394 nou
1208 1332 1281 1393 suut

305 1455 338 1506 13
362 1436 487 1502 mortali
511 1456 660 1503 concessa
682 1438 761 1513 uiro,
786 1437 937 1520 deposcit.
961 1440 998 1501 21
1021 1455 1074 1502 222

361 1543 537 1608 comminus
561 1543 693 1626 aspiciat
717 1543 836 1609 domini
857 1542 1036 1608 ueneranda
1057 1542 1152 1608 beati.

305 1666 339 1717 14
362 1650 459 1730 utque
483 1649 561 1713 deus
584 1667 744 1731 procerem
768 1667 892 1732 semper
914 1648 1082 1713 comitetur
1105 1651 1242 1727 euntem

362 1756 537 1838 quamlibet
560 1756 717 1820 aetherius
740 1756 874 1820 uallaret
897 1757 1027 1821 nuntius
1050 1756 1152 1820 illum.

363 1862 512 1926 adnuitur
534 1862 689 1945 dictisque
714 1862 791 1927 deus
815 1862 1006 1927 sublimibus
1029 1862 1107 1927 infit.

306 1983 339 2036 20
363 1987 442 2051 quae
465 1969 608 2033 facienda
630 1969 728 2052 prius,
752 1988 847 2051 quam
870 1969 949 2033 tanti
973 1969 1074 2053 gratia
1095 1968 1168 2034 doni

364 2075 495 2139 obtutus
517 2077 627 2158 pascat
649 2075 808 2139 mundana
829 2075 966 2140 inuisere
990 2077 1108 2140 suetos.

306 2199 337 2250 21
412 2182 510 2257 „Heia
521 2201 588 2265 age,
601 2181 809 2265 deproperans
819 2202 929 2266 rupem
940 2182 1114 2247 conscende
1128 2181 1282 2249 minacem

307 2305 341 2358 22
365 2292 397 2352 21
420 2307 565 2372 gressum
589 2287 689 2372 defige
712 2291 814 2356 tuum.
840 2310 875 2355 ao
899 2290 975 2354 dum
997 2308 1088 2353 meus
1112 2288 1176 2352 alto

362 2396 408 2460 sic
430 2396 553 2461 rediens
577 2396 714 2461 decurrit
735 2395 843 2471 bonor,
868 2397 927 2462 sub
949 2396 1067 2462 fornice
1091 2395 1166 2472 saxi,

362 2502 526 2567 umbratus
550 2522 620 2567 mea
643 2502 758 2579 dextra,
782 2522 883 2579 mane,
907 2502 981 2566 dum
1005 2504 1151 2584 praepete
1175 2521 1268 2565 cursu

306 2626 340 2678 23
363 2609 554 2692 praeteriens
578 2610 676 2674 refero
701 2610 826 2674 diuinae
849 2610 1034 2674 umbracula
1056 2609 1189 2691 palmae.

362 2720 432 2779 tum
455 2719 578 2780 tantum
602 2719 743 2800 spectare
767 2716 817 2781 dei
839 2718 999 2799 postrema
1020 2715 1155 2779 meantis

363 2841 453 2887 crura
475 2825 584 2906 potes:
608 2824 735 2887 uultum
759 2843 820 2888 non
842 2824 889 2887 fas
914 2826 963 2886 est
985 2822 1087 2888 uisere
1111 2822 1257 2905 cuiquam

364 2929 538 3012 spirantum
562 2949 596 2993 en
620 2948 760 3006 numero,
783 2928 940 2992 mundana
963 2949 1042 3011 quos
1065 2930 1155 2994 fouet
1177 2938 1280 2993 aura·

244 3035 287 3100 34
324 3053 341 3103 4
366 3035 453 3112 baec,
476 3036 601 3099 fuerant
623 3038 660 3099 ut
682 3036 778 3112 iussa,
802 3036 900 3110 fiunt3
925 3055 996 3101 mox
1021 3040 1111 3101 caute
1135 3036 1241 3100 dolata

366 3141 547 3207 consimiles
570 3133 695 3206 tabulas
720 3142 827 3205 diuina
850 3141 889 3205 ad
912 3142 980 3206 iura
1003 3143 1153 3208 reformat

144 3251 229 3314 1285
368 3251 613 3331 consuetamque
638 3249 699 3313 sibi
723 3249 827 3314 solitis
851 3249 889 3314 de
913 3251 1058 3315 cursibus
1083 3269 1186 3315 arcem

327 3372 342 3425 3
366 3357 570 3421 incomitatus
595 3357 660 3422 adit
682 3362 885 3440 montemque
910 3342 1057 3421 accedere
1080 3356 1164 3420 iuxta

366 3483 427 3528 uon
450 3464 570 3547 patitur
593 3467 723 3529 cunctos
746 3464 894 3547 ipsasque
919 3464 1061 3528 eliminat
1082 3464 1169 3529 illinc

365 3570 519 3654 lanigeras
543 3570 691 3653 pecudes,
715 3570 788 3660 quia
812 3572 886 3634 sunt
909 3571 1059 3654 contigua
1081 3590 1177 3635 nonae

182 3770 248 3823 1261
270 3769 447 3839 gaudebatA
484 3770 596 3840 gradum
612 3787 662 3824 oua
678 3771 704 3822 A
760 3771 903 3824 12622122
919 3772 1050 3825 AUcorr.
1071 3790 1087 3821 r:
1143 3772 1211 3824 1263
1227 3788 1286 3841 per·

143 3859 256 3913 fuditc'
291 3861 360 3913 1264
379 3861 450 3913 22112
465 3861 519 3914 AC
554 3860 615 3914 dum
631 3861 658 3913 A
676 3859 774 3913 tan
831 3861 899 3913 1265
920 3877 997 3913 anses
1015 3859 1121 3913 Cauris
1136 3859 1162 3910 A
1218 3861 1286 3913 1266

143 3949 178 4001 ad
197 3951 220 4002 (J
254 3950 395 4002 natisAC
448 3950 516 4004 1267
537 3952 669 4019 quaeque]
689 3949 755 4018 q.C
814 3949 882 4002 1272
902 3949 1067 4002 annutante·
1122 3950 1191 4004 1274
1210 3966 1286 4002 mnn-

144 4037 614 4094 112212012212222220221222
688 4037 1148 4092 1275222222221222122222120
1218 4039 1287 4092 1278

143 4128 260 4179 tnumA
298 4130 369 4180 aeA
388 4128 437 4181 bac
456 4129 588 4182 (Vnumne
625 4144 698 4180 meos
717 4129 740 4179 (ι1
801 4127 870 4179 1278
890 4125 1040 4180 (12212220
1092 4127 1287 4180 1279222122-

144 4216 204 4268 culo
228 4218 251 4268 U
321 4217 390 4270 1286
418 4217 546 4270 metantis
568 4217 591 4269 ζ’
671 4217 739 4269 1282
768 4218 843 4284 annal
871 4215 910 4268 ira
930 4217 956 4268 A
1030 4216 1098 4270 1285
1126 4215 1244 4271 curribus
1267 4217 1290 4271 lvy

147 4305 214 4358 1287
234 4306 327 4359 elimat
342 4307 367 4358 A
388 4305 455 4358 1268
471 4306 597 4374 contagia
611 4306 665 4358 AC
677 4322 744 4359 corr.
757 4322 776 4373 p
