2986 4920
613 414 862 469 Prooemium.
912 376 914 380 Ι
1239 401 1313 466 XIX

109 589 144 649 ot
168 587 296 652 Niniue.
313 607 385 651 narn
409 589 579 667 utrumque
604 603 728 648 carmen
752 587 784 649 in
809 586 916 650 codice
939 587 1039 652 fuisse
1064 591 1158 670 atquc
1178 589 1311 654 Tertuli-

110 694 166 756 ani
191 696 317 760 nornine
340 694 530 776 inscriptum
552 692 736 758 luculentus
760 692 854 756 testis
880 696 929 756 est
952 693 1049 757 codex
1072 694 1107 770 P,
1132 695 1187 776 qui
1205 697 1311 761 nescio

108 818 150 862 an
176 820 211 865 ex
234 801 312 884 ipsis
335 801 459 865 laciniis
483 799 602 863 ueteris
626 798 791 863 Nazariani
814 799 887 862 libri
911 800 1088 882 descriptus
1114 801 1165 865 sit.

203 907 323 974 Codex
346 907 507 982 Pithoei,
533 925 568 969 ex
593 924 654 986 quo
679 905 806 970 Iuratus
822 907 861 969 ad
879 907 1002 970 Paulin.
1018 907 1132 972 Petric.
1148 909 1232 972 1585
1247 909 1310 990 pri-
1339 906 1360 955 Ρ

106 1032 183 1077 mus
198 1033 322 1079 carmen
338 1016 375 1079 de
391 1016 468 1078 lona
483 1016 514 1077 et
528 1012 644 1075 Niniue
660 1012 760 1076 edidit
769 1012 955 1076 Tertulliani
970 1012 1096 1077 nomina
1110 1013 1308 1096 inscriptum.

109 1117 284 1184 Colbertini
299 1120 513 1204 apographum
537 1118 726 1182 mendosum
750 1119 851 1185 fuisse
873 1120 1009 1186 uidetur.

199 1227 413 1310 Interpolatus
433 1230 538 1290 textus
559 1227 716 1291 duorum
737 1227 951 1302 carminum,
967 1227 1215 1297 TxarULLIANI
1230 1248 1308 1310 quae

108 1333 264 1411 feruntur,
281 1355 374 1416 quem
389 1338 495 1398 tamen
510 1353 622 1398 nerum
636 1333 765 1416 putauit
784 1334 818 1396 L.
839 1333 976 1397 Mueller
993 1334 1076 1401 Mus.
1097 1335 1196 1398 Rhen.
1218 1336 1314 1419 XXll

104 1460 137 1521 p.
166 1442 230 1504 332
256 1443 335 1524 sqq,
358 1444 433 1524 post
456 1441 647 1505 Muellerum
680 1439 890 1523 Haxtelius1),
926 1458 965 1502 ex
999 1439 1307 1506 cluniacensium

104 1546 303 1613 bibliotheca
316 1548 476 1624 manauit3
497 1548 620 1612 scilicet
637 1547 720 1610 inter
740 1547 1012 1611 Cluniaccnsos
1032 1546 1129 1611 libros
1148 1547 1181 1610 in
1200 1550 1306 1613 uetere

105 1653 253 1737 catalogo
279 1655 375 1718 codex
400 1656 463 1719 526
489 1654 534 1719 sic
558 1653 764 1718 describitur:

240 1761 398 1824 Volumen
428 1761 458 1824 in
489 1780 550 1841 quo
579 1760 781 1825 continentur
803 1761 971 1836 lnuencus,
998 1761 1157 1836 Sedulius,
1181 1762 1304 1839 Arator,

191 1868 342 1950 Prosper,
377 1868 562 1949 quoddam
595 1870 754 1930 metrum
785 1866 1008 1942 Tertuliani,
1039 1866 1127 1943 Cato,
1151 1867 1303 1940 Auianus,

197 1974 332 2054 quedam
360 1974 484 2038 diuersa
513 1973 717 2037 collectiones
745 1992 898 2036 uersuum
926 1973 1121 2037 dinersomm
1150 1977 1302 2049 actorum,

194 2079 267 2143 libri
290 2079 419 2144 Archini
444 2077 488 2166 [le
495 2100 525 2164 g.
550 2077 699 2165 Alchimi]
730 2079 880 2161 episcopi,
905 2097 954 2142 ars
982 2079 1097 2144 Isidori
1130 2079 1167 2143 de
1201 2099 1302 2164 gram-

194 2186 311 2249 matica
335 2193 365 2250 et
389 2187 426 2251 de
451 2185 628 2267 disciplinis
653 2185 786 2248 aliamm
810 2184 935 2248 artium.

194 2292 254 2356 Hic
286 2292 367 2356 liber
399 2293 438 2356 ad
470 2295 579 2357 nostra
605 2295 748 2374 tempora
771 2291 877 2365 uenit3
903 2294 953 2354 est
977 2292 1060 2354 enim
1084 2292 1301 2356 nobilissimus
1330 2286 1355 2338 V

104 2397 187 2479 liber
209 2399 326 2462 Alcimi
357 2399 734 2482 Lugduno-Batauus
768 2398 873 2463 Voss.
898 2399 962 2461 lat.
988 2395 1015 2476 Q
1044 2400 1085 2462 86
1109 2400 1240 2464 membr.
1275 2417 1300 2462 s.

101 2503 208 2588 VHII,
233 2524 328 2586 quem
352 2488 532 2570 accuratius
556 2505 709 2588 descripsi
731 2505 763 2568 in
786 2505 947 2587 prooemio
971 2504 1119 2569 Auitiano
1138 2526 1169 2587 p.
1189 2505 1299 2568 LXVI.

98 2610 147 2673 ibi
169 2610 190 2675 f.
216 2613 272 2675 81¹¹
296 2613 336 2676 ad
359 2614 433 2677 85¹¹:
457 2613 490 2676 in
515 2612 625 2677 christi
657 2612 783 2676 nomino
815 2611 928 2694 incipit
960 2612 1098 2676 dictatus
1126 2612 1300 2676 tertuliani

99 2719 234 2783 metrica
266 2721 331 2782 arte
365 2719 552 2784 constricius
581 2719 613 2781 in
641 2718 751 2801 primis
776 2718 813 2782 de
841 2719 986 2783 incendio
1012 2719 1230 2785 Sodomorum.
1255 2759 1299 2768 -

99 2823 139 2887 de
173 2824 319 2890 Sodomis
352 2824 545 2906 explicitum.
580 2824 617 2886 de
650 2824 734 2888 lona.
762 2824 866 2888 —do
899 2824 976 2888 lona
1000 2825 1192 2905 explicitum.
1218 2826 1296 2890 finit.
1412 2838 1414 2846 '

190 2931 326 2995 contulit
363 2931 502 2995 codicem
541 2932 574 2994 L.
613 2931 749 2994 Mueller
790 2933 874 2997 Mus.
913 2932 1012 2997 eren.
1055 2932 1147 2995 XXII
1184 2931 1297 3017 (1867)

97 3058 130 3119 p.
154 3039 220 3100 328
245 3057 312 3119 sqq.
338 3038 450 3102 dubios
475 3039 596 3119 aliquot
618 3040 705 3102 locos
730 3058 837 3101 meum
860 3038 891 3100 in
916 3058 1011 3101 usum
1036 3038 1137 3102 denuo
1162 3039 1297 3122 inspexit

96 3163 130 3206 u.
156 3143 184 3206 (1.
211 3144 249 3207 de
272 3144 373 3208 Vries.
457 3178 460 3183 <

188 3251 322 3314 alterum
346 3252 440 3315 huius
466 3251 589 3334 generis
614 3253 770 3333 exemplar
794 3257 843 3315 est
866 3251 1171 3314 Vindobonensis
1198 3253 1239 3315 lc
1267 3272 1292 3316 s.
1310 3229 1349 3294 'l'

100 3356 203 3431 Vllll,
227 3360 301 3438 post
324 3354 495 3421 Oelrlerum
520 3355 722 3442 (Tertulliani
746 3376 839 3440 opera
862 3358 893 3420 ll
918 3354 993 3440 769)
1023 3356 1061 3418 ab
1088 3356 1124 3421 G.
1150 3358 1293 3423 Hartelio

98 3464 254 3539 conlatus,
279 3463 333 3545 qui
357 3463 460 3526 solum
485 3463 523 3526 dc
548 3464 624 3526 lona
650 3463 805 3546 propheta
837 3482 962 3526 carmen
991 3463 1087 3526 habet
1111 3464 1292 3529 Tertuliano

95 3569 301 3652 adscriptum.
840 3578 843 3584 '

184 3676 326 3740 codicem
348 3676 447 3741 Paris.
474 3678 558 3739 8381
586 3675 830 3760 (Colbertinum)
855 3696 879 3740 s.
904 3677 973 3753 XV,
997 3677 1030 3740 in
1060 3697 1120 3758 quo
1146 3676 1291 3760 Cypriani

93 3781 240 3859 Sodoma,
264 3802 325 3847 non
349 3783 425 3847 uidi.
1051 3819 1052 3823 =

182 3887 234 3956 ΑΙ)
256 3903 474 3958 SENATOREM
503 3909 625 3953 carmen
649 3894 773 3972 praeter
790 3889 822 3952 P
843 3891 877 3953 hi
899 3891 972 3954 libri
992 3890 1127 3954 habent:

182 4100 202 4164 ¹)
215 4097 430 4166 quodminorest
439 4099 466 4151 in
481 4100 659 4162 VTnumerns
674 4101 817 4154 elisionum
830 4100 991 4168 sublataque
1005 4100 1082 4152 ineis
1097 4101 1161 4152 sunt
1169 4100 1289 4150 monstra

89 4185 223 4254 quaedam
244 4190 271 4239 ct
289 4187 400 4240 metrica
420 4189 448 4239 et
466 4187 649 4256 grammatica,
668 4187 796 4240 iudanon
809 4185 1100 4240 recteconoludebatur
1118 4184 1152 4237 ad
1171 4185 1288 4237 auctoris

88 4273 172 4327 uerba
189 4275 301 4343 propius
321 4274 445 4328 accedere
464 4275 513 4327 hos
532 4275 624 4330 libros.
653 4292 705 4344 quo
725 4279 816 4329 tamen
835 4275 954 4345 priorum
974 4274 1108 4328 editorum
1126 4289 1180 4326 non
1198 4273 1286 4325 minu-

86 4363 145 4416 itur
162 4363 297 4428 meritum‚
317 4380 431 4432 quorum
451 4363 572 4416 sollertia
584 4362 687 4416 factum
703 4369 752 4428 est,
772 4367 803 4416 ut
821 4379 869 4416 nos
888 4362 989 4417 rectius
1008 4361 1126 4416 iudicare
1137 4376 1286 4432 possemus.

1213 4465 1246 4520 b*
