2986 4920
503 377 668 430 Genesis
696 374 865 439 45,11-·50,15

340 591 418 653 quae
442 573 548 634 manet
572 572 603 633 et
625 568 685 631 fixo
710 569 850 630 seruatur
872 567 1008 632 formula
1028 565 1106 628 iure.

284 689 318 742 29
341 675 461 737 interea
484 674 623 758 expletae
646 674 840 756 perpendens
864 673 1123 754 temperandae,

119 783 205 847 1465
342 780 465 843 adiurat
486 783 595 843 natum
618 781 751 844 lacubus
775 784 908 843 uentura
930 781 1106 852 reuoluens,

283 903 317 956 30
339 890 377 949 ut
399 884 457 950 sua
479 886 633 949 maiorum
656 888 813 967 conponat
833 885 974 948 membra
997 884 1181 967 sepulchris.

287 1009 320 1062 31
346 992 456 1056 adnuit
480 991 580 1056 oranti
603 991 818 1073 subpostaque
842 991 967 1055 dextera
990 1010 1082 1055 caxae

343 1097 498 1179 contingit
520 1098 623 1160 lentae
648 1096 804 1178 spendens
828 1095 990 1159 cacumina
1012 1097 1129 1178 uirgae.

216 1204 261 1269 48
286 1219 319 1272 13
344 1201 586 1284 conpositosque
611 1221 703 1265 senex
726 1203 845 1264 alterna
866 1201 898 1264 in
921 1204 1008 1283 parte
1031 1204 1161 1283 nepotes

123 1310 212 1374 1476
289 1323 323 1378 10
345 1307 521 1390 permulcet
543 1306 646 1384 dictis,
671 1307 746 1371 dum
770 1307 888 1372 sensim
909 1307 998 1371 basia
1019 1306 1107 1371 libat.

286 1430 320 1482 14
344 1412 400 1476 sed
422 1412 554 1475 mirum!
578 1413 684 1495 palma
706 1416 846 1477 sacratur
869 1413 974 1477 dextra
996 1413 1169 1492 Manasses,

342 1519 478 1583 anterior
500 1521 576 1581 natu
597 1519 689 1582 laeua
712 1517 905 1600 contingitur
927 1518 1072 1599 Ephrem.

286 1643 319 1694 19
343 1623 485 1706 praescia
507 1630 612 1686 mente
637 1624 721 1688 senis
745 1625 847 1688 senior
871 1624 987 1687 seruire
1010 1624 1124 1689 minori

344 1729 468 1812 cogitur
491 1731 584 1809 atque
607 1729 678 1794 loco
701 1729 785 1793 cedit
808 1749 880 1811 spes
903 1730 1003 1812 prima
1027 1731 1175 1796 secundo.

126 1838 213 1901 1475
292 1851 325 1904 18
349 1834 523 1916 quamlibet
546 1834 689 1915 obliquas
712 1835 840 1918 cupiens
865 1835 1011 1899 diducere
1034 1837 1155 1918 palmas

344 1959 405 2004 non
428 1938 533 2020 putuit
557 1958 703 2004 reuocare
726 1943 831 2004 tamen
853 1940 905 2022 pia
929 1940 1013 2003 dicta
1034 1940 1176 2023 Iesepus.

286 2062 320 2115 20
345 2065 380 2110 ac
402 2047 571 2127 postquam
594 2046 699 2127 pueris
724 2047 806 2110 uatis
829 2049 897 2108 ruta
920 2045 1084 2109 commoda
1106 2047 1215 2124 sanxit,

288 2168 320 2220 21
346 2151 399 2214 dat
423 2151 581 2228 sicimam,
606 2151 809 2233 gladiumque
833 2169 900 2227 suo,
924 2150 979 2213 dat
1000 2150 1131 2232 spicula,
1154 2155 1238 2229 nate,

344 2255 456 2320 clarior
478 2258 516 2317 ut
539 2255 660 2318 cunctis
685 2255 854 2319 sublimem
878 2254 1007 2319 scandat
1028 2255 1188 2320 honorem.

124 2364 266 2429 148049
308 2382 322 2432 1
346 2362 418 2425 inde
442 2367 536 2425 uocat
559 2367 648 2425 nates
673 2364 705 2424 et
728 2361 849 2425 cunctis
871 2361 1009 2442 praemia
1032 2361 1112 2424 didit

343 2467 528 2551 pignoribus
551 2485 698 2530 mansura
721 2467 774 2530 diu
796 2466 939 2549 prolique
961 2469 1105 2531 natorum

342 2575 525 2637 inconcessa
547 2572 635 2653 prius
657 2573 815 2656 longoque
839 2572 999 2636 adiudicat
1021 2592 1109 2638 aeus.

291 2695 325 2748 28
348 2678 397 2742 bis
421 2696 574 2758 senesque
597 2678 699 2742 tribus
721 2679 862 2760 ipsorum
886 2697 920 2741 ex
943 2679 1068 2743 nomine
1092 2681 1207 2746 condit.

346 2783 490 2848 omnibus
515 2783 681 2865 explicitis,
706 2784 798 2849 ocule
822 2783 885 2846 iam
909 2788 1019 2866 captus
1041 2789 1185 2869 utroque,

125 2892 212 2956 1485
290 2905 324 2958 32
346 2889 482 2953 decessit
504 2890 573 2953 sole
596 2891 718 2953 terreno
743 2908 870 2974 corpore
894 2938 1016 2954 .....

503 2995 520 3025 l
681 2997 720 3077 ,'
1003 3000 1093 3062 uates

222 3105 266 3169 50
307 3119 323 3172 3
345 3103 584 3183 maes'titiaeque
609 3102 696 3166 dedit
718 3101 822 3166 decies
848 3105 978 3185 septena
1001 3102 1119 3167 dierum

345 3209 475 3285 lumina,
500 3209 573 3271 dum
598 3208 699 3272 functi
722 3210 890 3271 ueneratur
912 3209 1005 3272 turba
1029 3211 1240 3292 sepulchrum.

347 3315 421 3396 quin
446 3314 540 3377 etiam
564 3315 629 3376 nati
653 3317 776 3396 septem
798 3316 903 3378 luxere
928 3314 1038 3379 diebus

237 3438 270 3490 15
282 3454 340 3506 sqq.
351 3420 499 3484 uberibus
522 3420 670 3498 lacrimis,
693 3439 804 3502 pacem
826 3419 975 3484 reddente
997 3422 1110 3504 Iosepo

163 3664 231 3717 1463
260 3666 288 3716 et
316 3679 366 3716 om.
388 3661 413 3716 G
492 3661 559 3713 1464
588 3661 708 3729 expletae
722 3662 750 3713 A
778 3661 916 3730 explaetae
933 3660 959 3714 G·
986 3662 1092 3732 expleta
1109 3662 1267 3718 Martcaiue

125 3754 195 3807 1465
212 3750 289 3805 iacob
306 3750 332 3804 G
386 3750 454 3802 1467
475 3748 657 3818 subpostaque
671 3748 699 3801 A
717 3747 858 3818 subposita
878 3751 940 3817 (quc
954 3753 1019 3816 om.)
1037 3750 1062 3803 G
1118 3751 1185 3804 1468
1204 3768 1266 3805 con·

123 3842 190 3911 tigit
206 3839 232 3893 G
276 3835 454 3891 cacumineG
528 3836 596 3888 1470
615 3835 708 3887 sinsim
725 3835 750 3885 G
824 3836 890 3889 1471
911 3835 1018 3889 dextera
1032 3837 1059 3888 A
1103 3854 1225 3890 manases
1242 3839 1267 3891 G

126 3928 195 3981 1472
224 3926 355 3979 effremA
383 3925 465 3977 efrem
481 3922 507 3976 G
581 3922 649 3975 1475
679 3921 804 3989 obliquus
833 3922 991 3974 Marcentes
1036 3921 1160 3976 diducere
1175 3924 1202 3975 A
1220 3924 1266 3978 de-

125 4015 221 4068 ducere
237 4012 263 4066 G
339 4012 407 4065 1477
435 4011 484 4080 Ac]
503 4011 541 4064 Ac
558 4010 716 4062 Marcentes
754 4010 826 4063 uatis
856 4028 888 4063 ac
916 4009 1023 4064 uataG
1104 4011 1172 4063 1478
1190 4015 1267 4082 nato]

124 4107 189 4155 noto
204 4101 231 4152 A
302 4100 371 4153 1479
390 4098 535 4152 scanditA
607 4099 676 4151 1480
698 4097 778 4166 didit]
798 4098 875 4151 dedit
889 4099 916 4150 A
985 4098 1052 4150 1481
1073 4101 1101 4150 et
1120 4099 1188 4150 1482
1203 4106 1268 4166 post

126 4189 195 4241 1484
221 4187 303 4240 habet
323 4186 349 4240 G
420 4186 489 4239 1483
518 4202 648 4254 senosque
664 4186 691 4236 A
737 4185 823 4238 tribus
842 4203 893 4239 oca.
911 4186 939 4238 A
1011 4184 1080 4237 1485
1107 4185 1219 4238 terrenis
1241 4186 1268 4239 G

128 4275 196 4328 uatis
212 4274 267 4328 Aa
298 4280 362 4342 pest
382 4274 449 4327 1485
470 4274 598 4326 madelme
616 4289 711 4326 uersas
728 4274 890 4340 iadicauip
