2986 4920
712 392 864 448 Hilarii

349 606 541 672 queepreee,
565 607 645 671 quoe
669 587 764 654 dietis
788 588 924 668 monuit,
955 607 1036 670 quos
1061 588 1195 671 denique
1220 588 1332 654 saetis.

350 713 408 760 ree
430 694 537 759 uidere
561 697 667 758 tamen
691 693 786 772 eaeei,
810 711 884 758 eum
905 695 1013 759 lumen
1037 693 1163 760 adesset

349 820 405 884 per
425 801 561 884 populos
585 800 715 878 elerum,
737 799 831 865 saetis
856 800 1015 865 celebrans
1039 801 1224 884 genitorem.

353 924 488 987 namque
510 904 634 969 iacebat
655 904 760 984 hemo,
783 904 915 987 pallenti
936 905 1095 971 marcidus
1119 924 1182 986 ore,

353 1011 405 1075 eui
427 1010 529 1075 inerat
549 1009 667 1074 morbis
691 1028 803 1092 cerpus
827 1028 979 1095 compage
1002 1011 1143 1076 solutum

350 1114 553 1195 uiuentisque
576 1113 697 1178 animae
721 1113 841 1178 dudum
862 1114 926 1178 iam
947 1118 1074 1180 mortua
1094 1116 1248 1182 membra

353 1219 482 1305 ‚Surge
506 1219 560 1296 ait,
585 1221 679 1301 atque
702 1218 750 1283 tui
771 1219 836 1284 iam
857 1219 933 1286 leeti
955 1220 1082 1286 baiulus
1106 1224 1204 1285 estest

350 1325 438 1404 exilit
461 1326 554 1406 atque
579 1323 681 1388 alacer
703 1324 841 1389 humeris
864 1325 955 1390 uehit
974 1326 1043 1410 ipse
1067 1327 1181 1392 cubile.

351 1451 424 1497 ecee
446 1431 630 1496 trahebatur
652 1449 775 1511 caecus,
799 1450 893 1512 quem
914 1432 1034 1498 lumine
1057 1435 1157 1498 meter

351 1537 492 1601 ediderat
512 1536 656 1614 triduum,
681 1536 856 1601 eommunis
877 1538 959 1602 lueis
983 1542 1138 1622 egentem,

353 1662 415 1708 nen
438 1644 543 1707 toturn
566 1643 685 1722 natum,
707 1641 818 1708 mundi
841 1642 915 1724 quia
936 1647 1025 1726 parte
1048 1646 1182 1710 carebat.

353 1751 391 1812 ut
414 1746 507 1826 uidit,
529 1747 697 1812 miseratus
722 1749 784 1813 ait:
812 1748 923 1825 ,Hune
947 1767 1071 1814 cernere
1092 1749 1210 1815 iussit·

351 1853 493 1937 protinus
519 1852 557 1916 ad
581 1854 702 1917 eaelum
727 1871 839 1918 eaeeus
862 1872 945 1918 noua
966 1853 1087 1919 lumina
1109 1855 1203 1920 tellit.

932 1960 949 1992 1

781 2009 798 2042 ff

311 2146 361 2200 108
380 2147 478 2201 Matth.
498 2148 522 2211 9,
542 2148 558 2200 6

307 2235 358 2288 110
373 2230 461 2288 1ο11.9.

255 2406 305 2460 105
323 2406 403 2461 humo
425 2407 536 2464 Gcerr.
556 2427 573 2460 π
629 2409 679 2463 106
698 2408 785 2463 morbi
803 2429 820 2462 π
877 2407 928 2463 109
946 2427 1031 2480 mary.
1051 2407 1083 2464 de
1103 2425 1180 2464 caeco
1199 2413 1264 2463 nato
1287 2409 1314 2464 0
