2986 4920
475 294 663 364 Cypriani
689 295 980 364 heptatcuebos

360 506 513 568 rumpere,
538 487 570 549 ni
596 486 740 550 dominus
763 489 880 551 laxaret
902 489 1030 552 uincula
1052 489 1199 572 linguae3

361 597 503 674 tempora
526 591 580 672 qui
602 596 719 654 reserat
742 593 855 658 surdis.
881 594 932 674 qui
952 594 1076 656 'lumina
1100 595 1215 671 caecis,

362 697 587 777 uidentumque
611 698 709 761 aciem
734 699 787 779 qui
810 717 887 780 puna
910 700 980 762 luce
1005 703 1135 765 serenat.

303 820 336 874 12
364 804 478 879 „Vada
503 803 556 878 ait,
581 805 613 866 et
634 803 727 885 plena
750 804 885 867 conlisus
909 804 972 866 fare
995 805 1144 885 loquella,

360 909 475 972 nobilis
499 909 622 989 eloquio
647 927 802 990 sensuque
827 910 865 973 ad
888 911 985 972 uerba
1007 910 1172 974 rotundo.“

302 1033 335 1085 13
360 1015 415 1079 sed
439 1016 513 1077 dum
538 1033 630 1096 saepe
654 1014 746 1078 deum
770 1015 873 1097 poscit
896 1016 1054 1096 aliumque
1077 1019 1228 1096 precatur

302 1140 335 1190 14
360 1120 511 1185 substitui
535 1119 688 1202 subdique
712 1120 822 1200 Asini).
847 1120 1008 1183 conmouit
1030 1121 1061 1182 in
1085 1121 1163 1183 iram

358 1228 515 1308 insignem
538 1226 654 1307 pietate
678 1226 781 1302 deum,
806 1227 859 1307 qui
883 1226 1025 1290 concitus
1048 1226 1135 1289 infit:

367 1333 561 1409 „Gennanus
585 1336 634 1395 est
657 1350 729 1396 ecce
752 1335 827 1396 tuus
850 1334 960 1395 limata
982 1333 1136 1395 facundus

362 1458 415 1503 ora
438 1457 548 1521 gerens
571 1441 726 1518 notusque
749 1437 837 1504 mihi.
860 1438 972 1500 Leuita
995 1440 1117 1501 creatus

361 1544 415 1607 ille
438 1543 533 1615 tribu,
558 1546 641 1606 certo
666 1562 760 1625 quem
784 1543 893 1606 dicunt
915 1543 1039 1607 nomine
1062 1544 1231 1608 Aronem.“

307 1665 341 1719 18
408 1649 500 1712 Ilicet
523 1648 663 1712 abscedit
685 1652 776 1713 uates
800 1668 969 1729 soceroque
993 1648 1109 1713 fatetur

363 1772 433 1817 sese
455 1772 656 1816 reuersumm
679 1754 852 1834 fratresque
876 1753 1010 1817 inuisere
1034 1755 1117 1818 uelle

358 1859 475 1922 Iudaea
498 1859 535 1922 de
559 1861 652 1942 gente
672 1864 767 1924 satos.
794 1860 845 1923 liic
868 1861 1006 1924 flectitur
1028 1861 1083 1925 illc

360 1970 391 2030 et
414 1966 503 2030 salua
525 1966 641 2048 pietate
663 1966 753 2030 iubet
775 1966 932 2030 discedere
956 1967 1083 2030 laetum.

303 2087 337 2140 ab
360 2071 414 2134 ille
438 2071 549 2134 alacris
573 2090 679 2134 secum
703 2071 785 2134 natis
809 2073 840 2133 et
864 2071 996 2153 coniuge
1021 2076 1146 2153 sumpta

290 2188 292 2193 ’
361 2177 545 2240 mandatum
567 2177 725 2258 praecepit
748 2177 823 2250 iter3
848 2177 1013 2258 fessusque
1037 2179 1150 2242 uiando

302 2299 337 2352 24
362 2284 436 2347 dum
459 2285 580 2348 resonet
602 2284 696 2353 uires,
721 2283 825 2366 gelida
848 2283 978 2346 declinis
1001 2283 1032 2346 in
1057 2285 1177 2356 umbra,

360 2389 490 2470 angelus
515 2407 585 2452 ecce
609 2388 697 2450 uenit
720 2386 838 2451 domini
861 2400 1066 2469 mortemque?
1081 2388 1228 2453 minatur.

303 2509 337 2562 25
362 2493 500 2576 Sephora
523 2493 578 2557 sed
601 2493 721 2556 silicem
747 2491 854 2574 digitis
877 2493 1008 2556 rimatur
1029 2496 1154 2557 acutam

360 2597 621 2680 praeputiumque
647 2600 733 2660 secat
755 2596 854 2660 teneri
876 2616 947 2660 mor
970 2596 1080 2660 sedula
1102 2597 1185 2672 nati;

362 2721 495 2784 cumque
518 2703 613 2784 pedes
636 2720 739 2766 coram
763 2701 863 2764 sancti
886 2720 919 2764 se
942 2721 1039 2783 prona
1061 2684 1218 2767 dedisset:

367 2807 523 2884 „Sistatur
546 2808 728 2882 canonista,
754 2807 846 2880 canit,
871 2807 908 2870 de
932 2808 1061 2871 uulnere
1085 2809 1202 2890 parui.“

184 2923 190 2938 ‘
303 2929 337 2982 26
362 2914 451 2977 cuius
476 2914 514 2975 ad
539 2912 698 2993 eloquium
722 2913 848 2975 sanctus
873 2911 1019 2975 discessit
1042 2912 1081 2975 ad
1104 2915 1196 2976 astra.

305 3034 338 3086 27
362 3018 486 3099 iamque
510 3016 613 3098 inopis
635 3015 755 3078 heremi
777 3017 867 3079 uates
892 3016 1032 3080 calcabat
1054 3016 1195 3093 harenas,

363 3143 434 3188 cum
458 3123 563 3187 subito
586 3123 717 3204 imperio
741 3121 858 3186 domini
880 3123 1058 3187 mandantis
1081 3124 1205 3189 Aronus

363 3233 520 3293 sacratum
543 3229 581 3292 ad
604 3231 742 3293 montem
765 3229 899 3292 fraterno
924 3228 1059 3292 occurrit
1080 3229 1191 3294 honori

361 3335 580 3416 coniuratique
604 3334 700 3398 simul
722 3334 895 3417 gaudentes
920 3334 1006 3398 basia
1027 3334 1147 3418 figunt3

160 3443 224 3506 235
302 3456 336 3510 28
360 3441 557 3520 alternasque
579 3437 670 3501 iuuat
691 3439 813 3501 mentes
837 3456 979 3502 sermone
1003 3439 1129 3520 sequaci

360 3542 494 3626 pandere
519 3560 674 3624 quemque
698 3541 767 3618 sibi,
792 3560 870 3623 quae
895 3541 958 3605 sint
980 3542 1122 3606 facienda
1141 3545 1194 3608 uel
1217 3551 1300 3614 acta.

200 3717 251 3770 ‘208
280 3716 365 3769 sordis
379 3717 406 3767 A
483 3715 534 3768 209
563 3714 754 3782 uidentumque
764 3730 787 3782 p
815 3730 865 3782 que
894 3730 944 3767 ona.
959 3714 986 3767 A
1032 3715 1114 3768 aciem
1134 3717 1181 3785 qui
1199 3735 1268 3788 pura
1277 3737 1301 3789 p

162 3805 217 3857 acio
230 3844 307 3857 .....
317 3820 384 3873 pura
413 3803 553 3867 (librarius
566 3819 620 3870 pro
639 3819 652 3854 e
673 3803 764 3854 littera
790 3819 872 3869 quam
896 3803 976 3871 tepere
993 3810 1156 3870 compescet
1174 3807 1302 3862 arcasium

159 3892 259 3959 proserit,
278 3896 365 3944 cetera
383 3907 453 3958 quae
467 3896 551 3944 essent
564 3891 680 3944 obscure
692 3890 783 3957 spatio
796 3906 886 3942 uacuo
899 3891 1078 3958 specificnuit)
1094 3893 1120 3943 A
1175 3893 1227 3946 213
1246 3894 1301 3948 sibi

163 3980 227 4034 cedd.
246 3995 277 4046 p,
306 3995 356 4032 om.
375 3979 403 4031 A
457 3977 550 4031 ducem
578 3978 643 4031 add.
663 3997 679 4028 π
756 3977 808 4030 215
837 3977 920 4031 decbr.
949 3979 974 4030 ><
993 3979 1019 4030 A
1101 3979 1152 4032 218
1181 3981 1253 4034 uatis
1272 3983 1301 4037 A

162 4093 214 4145 cao
233 4092 341 4145 sassa
360 4108 460 4160 comp
515 4092 565 4145 aaa
584 4092 656 4145 assu
671 4093 708 4144 m
728 4057 853 4144 fessu'A2
906 4092 957 4144 aas
976 4091 1104 4145 seforaa
1158 4093 1210 4147 aar
1226 4098 1301 4149 secat

162 4198 211 4235 ocra.
226 4180 265 4232 A¹
283 4196 317 4235 ss.
332 4180 371 4233 A²
424 4179 475 4232 231
494 4180 587 4248 inopes
606 4179 710 4248 Mayor
745 4179 854 4232 natisA
890 4196 982 4232 arenas
997 4181 1024 4232 A

16 4502 109 4592 fl
