2986 4920
742 383 895 435 Hilarii

362 579 561 642 membratim
584 579 712 661 perdam
738 582 859 660 septem
883 584 961 660 quot
983 578 1102 660 perfida
1125 582 1217 642 natos

362 684 500 748 intruso
524 685 658 749 retinet:
684 704 817 766 quomm
841 684 895 766 qui
919 683 1040 767 primus
1064 684 1208 761 habetur,

365 791 415 854 hio
438 791 558 873 primus
582 796 708 873 pereat:
732 791 846 874 perdas
870 791 916 855 sio
940 790 1047 855 ordine
1072 793 1215 867 cunctos,

365 898 503 962 cratibus
526 897 684 979 inpositos
709 897 862 962 subiectis
885 917 975 962 urere
997 897 1135 962 flammis

366 1008 473 1068 cernat
495 1007 532 1067 ut
554 1003 626 1086 ipsa
649 1023 724 1069 suos
747 1007 849 1068 mater
870 1023 955 1068 nuno
978 1023 1089 1086 aspera
1112 1007 1214 1070 natos,

362 1129 462 1192 poena
482 1114 588 1175 autem
609 1114 717 1175 manet
736 1110 831 1187 hnec;
854 1111 971 1176 celeres
991 1111 1083 1175 decet
1098 1129 1168 1175 esse
1182 1110 1386 1175 ministros.“

407 1218 530 1281 Interea
553 1217 689 1281 fecunda
710 1236 823 1300 parens
845 1217 908 1280 iam
934 1218 1019 1282 crine
1044 1218 1150 1282 soluto

364 1324 468 1387 stabat
491 1325 532 1398 et,
556 1322 696 1387 hortanti
720 1321 844 1399 similis,
867 1322 931 1385 iam
954 1325 1083 1404 pectore
1107 1322 1191 1386 nudo

362 1430 460 1493 ubera
481 1427 681 1511 protendens,
707 1431 852 1492 natorum
876 1427 1026 1491 alimenta
1050 1446 1190 1503 suorum,

280 1539 294 1592 ἵ
369 1554 430 1598 non
454 1534 585 1598 confusa
609 1534 717 1616 aperit,
742 1536 914 1616 natumque
938 1537 976 1596 ut
998 1532 1081 1596 uidit
1104 1533 1143 1597 ad
1166 1534 1271 1618 ignem

365 1641 584 1722 constantique
608 1640 706 1724 gradu
730 1640 844 1704 fortem
867 1639 1047 1723 procedere,
1074 1639 1169 1703 dixit:

369 1747 433 1822 „Tu
456 1766 527 1811 mea
549 1747 725 1831 progenies,
749 1750 784 1810 tu
808 1746 929 1828 primus
953 1746 1076 1829 respice
1100 1751 1244 1811 matrem.

364 1857 400 1916 tu
424 1858 508 1917 certe
531 1873 622 1918 meus
647 1873 699 1917 es:
723 1872 805 1917 nuno
828 1853 938 1930 nostri,
963 1856 1046 1929 nate,
1070 1856 1249 1918 memento!

362 1964 394 2024 te
417 1961 553 2042 primum
576 1961 694 2043 peperi,
719 1963 754 2023 tu
779 1980 861 2025 nuno
884 1961 1008 2024 imitare
1031 1963 1212 2043 parentem:

283 2125 287 2130 ,
366 2086 455 2130 sume
478 2086 566 2131 meos
589 2085 694 2130 mores
718 2071 750 2129 et
771 2085 878 2150 regem
902 2067 995 2130 uince
1018 2066 1163 2131 tacendo.

366 2177 401 2236 tu
424 2173 542 2256 poteris
566 2173 677 2236 durare
702 2173 766 2248 diu,
791 2173 819 2236 si
841 2177 985 2256 tempora
1007 2173 1137 2246 uiuees;

363 2279 481 2361 perfida
503 2300 541 2343 ne
566 2283 692 2362 superet
716 2282 842 2344 sanctos
866 2279 1019 2344 uiolentia
1041 2279 1136 2362 regis,

364 2390 452 2450 utere
477 2386 607 2451 consilio
632 2386 752 2461 matris,
776 2405 834 2450 uec
857 2386 971 2449 damna
992 2385 1131 2452 timebis.

365 2493 475 2557 tortior
499 2497 566 2557 esto
591 2512 660 2557 aere
684 2511 820 2574 saxoque
844 2493 1003 2575 potentior
1025 2493 1113 2575 ipso;

265 2602 272 2618 ²
366 2600 527 2682 ingredere
551 2604 588 2663 ut
610 2599 745 2673 iuuenis,
770 2599 926 2682 patienter
948 2599 1040 2663 uince
1065 2599 1218 2663 dolor·es.“

410 2707 468 2770 Ille
492 2707 585 2771 modo
610 2706 648 2770 ad
671 2709 803 2768 matrem
827 2707 948 2784 uultus,
972 2706 1066 2771 modo
1089 2705 1176 2769 tollit
1197 2705 1229 2768 iu
1253 2706 1369 2781 altum,

368 2812 506 2894 dumque
530 2816 616 2877 tacet
638 2811 819 2892 tacitusque
842 2813 943 2894 rogat,
967 2831 1062 2893 quem
1086 2811 1189 2888 debet,
1214 2814 1246 2876 et
1269 2816 1349 2888 orat,

369 2938 429 2982 non
453 2918 553 2982 sensit
575 2916 701 3000 rapidos
725 2917 877 2983 subiectis
902 2917 1040 2982 cratibus
1062 2918 1163 3002 ignes.
1193 2931 1195 2935 ’
1235 2927 1236 2930 ’

368 3045 481 3107 eorpus
504 3025 596 3089 inane
618 3024 707 3098 fluit3
732 3029 832 3089 meter
854 3024 965 3108 ganisa
989 3024 1095 3089 dolore
1120 3027 1179 3091 est.

371 3136 402 3196 et
425 3132 519 3195 dixit:
548 3131 655 3207 „Viam
680 3131 804 3194 uincam
829 3131 874 3195 sic
899 3131 1035 3213 saepius,
1060 3149 1132 3205 oro;

366 3239 456 3302 duret
478 3241 623 3301 natorum
647 3235 749 3301 uirtus
773 3235 935 3319 incognita
957 3236 1033 3319 regi,

367 3344 422 3408 sed
445 3343 508 3407 iam
532 3348 606 3408 nota
629 3343 698 3419 deo,
723 3342 833 3425 populi
856 3343 910 3424 qui
933 3346 1062 3425 pectora
1085 3343 1204 3411 nouit?

407 3450 546 3514 Finierat
567 3449 662 3533 primi
685 3453 795 3531 partus
818 3448 953 3513 fecunda
975 3449 1127 3526 dolorem,

267 3643 300 3695 46
320 3647 386 3712 quot
397 3662 418 3710 p
438 3642 508 3712 quod
523 3643 549 3694 P
568 3659 635 3711 aluos
650 3641 694 3708 Lf
708 3658 770 3694 narn
789 3640 812 3693 Ο
908 3641 943 3693 48
963 3640 1069 3710 perdas]
1089 3640 1185 3710 perdat
1202 3641 1226 3694 (J
1241 3641 1353 3711 perdum
1362 3643 1386 3710 f

228 3749 277 3784 uu.
305 3733 339 3785 49
368 3738 391 3784 et
419 3732 453 3785 50
483 3731 579 3784 (lerunt
595 3734 617 3798 f
703 3732 738 3784 49
766 3729 909 3798 inpositos]
938 3729 961 3782 0
999 3727 1135 3782 subiectos
1163 3728 1211 3782 CB
1251 3746 1330 3783 urure
1354 3730 1384 3782 P

230 3845 264 3899 50
283 3847 356 3916 ipsas
376 3865 424 3900 uos
443 3847 466 3900 C
566 3847 600 3899 52
619 3845 750 3899 foecundo
766 3845 791 3896 P
893 3845 928 3898 54
946 3843 1108 3913 protendens
1126 3843 1165 3912 Cf
1179 3811 1339 3914 p'ocendens
1354 3845 1382 3898 P

231 3936 395 4004 portendens
409 3937 464 3989 LB
567 3936 600 3988 59
619 3939 650 3988 tu
670 3934 750 4003 nunc]
770 3939 834 3988 tuuc
848 3934 876 3987 B
894 3950 964 3986 nunc
984 3935 1086 3999 nunes
1184 3932 1219 3986 60
1238 3950 1342 3988 summe
1357 3935 1384 3987 P

230 4058 262 4110 61
283 4018 407 4122 tempora
416 4069 446 4104 :e
462 4069 511 4105 rec.
527 4070 559 4104 m.
574 4068 609 4105 ss.
626 4052 652 4103 P
759 4051 793 4102 od
812 4067 874 4102 sono
891 4049 916 4101 Ρ
1030 4048 1063 4100 67
1084 4052 1112 4101 et
1131 4048 1198 4117 orat]
1217 4048 1353 4117 timetque
1362 4049 1386 4116 f

231 4147 265 4199 68
284 4143 419 4198 consensit
432 4141 459 4193 B
479 4139 634 4193 conscendit
643 4142 666 4207 f
752 4139 786 4191 69
806 4139 900 4208 ganisa
918 4138 942 4191 0
958 4137 1048 4206 grauis
1064 4153 1079 4190 a
1100 4140 1123 4203 (r
1140 4137 1325 4190 recentissimo
1344 4154 1379 4192 m.

230 4217 499 4299 deletum)Pgrauis
513 4229 572 4298 ipsa
586 4228 755 4294 resultoth
806 4227 839 4280 ΤΟ
854 4226 968 4295 uincam]
983 4226 1085 4280 inuicta
1088 4227 1112 4294 f
1162 4226 1195 4280 73
1210 4224 1383 4300 foecunddP

230 4321 348 4375 dolorem
368 4319 440 4372 01³1„
458 4316 577 4371 laborem
586 4320 609 4385 f
