2986 4920
363 717 412 860 s
445 751 701 862 nnunun
739 752 805 862 in
847 752 1115 864 cunnsnn

547 931 596 984 An
616 929 766 984 LEONEM
785 929 916 984 PAPAM.

293 1109 466 1208 Paruimus
488 1144 618 1208 monitis
641 1146 697 1207 tua
720 1144 825 1207 dulcia
848 1143 936 1208 iussa
960 1144 1071 1220 secuti,

295 1250 427 1314 antistes
452 1250 579 1325 Christi,
604 1269 683 1333 quae
707 1250 804 1314 dabas
829 1269 880 1314 ore
903 1249 966 1333 pio.

296 1375 333 1418 an
358 1375 416 1438 ego
440 1375 502 1420 non
526 1374 667 1419 canerem
691 1354 772 1419 tanti
794 1355 960 1437 praeconia
982 1355 1090 1437 patris,

293 1481 408 1526 munus
433 1481 574 1545 opusque
598 1462 649 1525 dei
672 1462 747 1525 dnm
770 1461 848 1525 mihi
871 1461 980 1546 lingua
1002 1461 1108 1527 foret?

204 1571 219 1625 ἴ
293 1587 388 1632 rauca
410 1568 536 1650 quidem
561 1568 696 1633 stridens
721 1571 753 1631 et
775 1567 872 1632 nullis
896 1568 991 1651 digna
1015 1568 1165 1645 coturnis,
1221 1621 1223 1624 ,

291 1675 517 1757 ingeniumque
540 1674 664 1739 iacens:
691 1674 746 1738 sed
768 1674 848 1738 libet
871 1674 935 1737 alta
956 1674 1054 1756 loqui.

336 1867 475 1950 Dignum
499 1887 578 1949 opus
602 1869 634 1930 et
656 1867 777 1931 iustum
801 1886 924 1948 semper
946 1867 1005 1929 tibi
1028 1866 1130 1931 dicere
1153 1870 1273 1950 grates„

292 1974 490 2055 omnipotens
513 1973 625 2036 mundi
646 1973 778 2057 genitor,
803 1992 865 2055 quo
888 1972 1026 2054 principe
1051 1974 1164 2035 cuncta

292 2081 429 2143 natalem
453 2098 615 2162 sumpsere
639 2078 723 2142 diem
746 2082 841 2160 atque
864 2081 969 2142 exortu
989 2081 1118 2160 repente

291 2189 365 2268 post
386 2187 532 2250 tenebras
557 2185 676 2268 stupidi
700 2188 882 2268 spectamnt
903 2185 1024 2248 lumina
1047 2184 1143 2248 caeli:

293 2311 369 2374 gens
392 2292 556 2355 hominum
579 2292 780 2378 pecudesque
802 2292 885 2356 ferae
908 2291 1058 2373 milleque
1081 2293 1228 2356 uolucres

291 2403 323 2462 et
346 2418 425 2480 quae
448 2417 504 2482 per
525 2398 664 2480 liquidos
688 2399 868 2463 discurrunt
890 2398 1014 2482 agmina
1037 2417 1174 2480 campos,

292 2504 397 2568 omnia
419 2524 476 2586 per
496 2507 605 2580 temet,
631 2524 666 2569 en
689 2507 731 2582 te,
756 2505 810 2586 qui
832 2505 967 2568 maxima
989 2504 1116 2568 condis:

293 2631 328 2674 ex
351 2614 383 2674 te
406 2614 489 2687 nata,
513 2614 619 2693 pater;
644 2629 701 2674 nec
724 2611 822 2694 patris
846 2615 895 2675 est
916 2616 1005 2694 pater
1028 2612 1124 2674 alter:

203 2721 216 2772 .·
291 2720 325 2778 tu
350 2721 444 2799 caput
468 2736 502 2780 es
526 2717 631 2798 capiti,
653 2717 745 2799 primi
768 2719 804 2780 tu
827 2716 924 2781 fontis
949 2716 1046 2800 origo,

289 2822 410 2905 primus
434 2841 511 2905 open
532 2842 647 2899 rorum,
671 2823 791 2905 primus
816 2825 911 2897 sator,
936 2821 1040 2887 omnia
1063 2821 1218 2886 condens:

289 2948 346 2992 nee
369 2932 474 2991 tamen
499 2948 534 2992 en
558 2928 619 2992 alio
644 2929 733 2992 ducis
756 2948 876 3012 genus:
899 2929 968 3010 ipse
990 2928 1135 3011 perennis

245 3119 277 3171 ln
295 3118 402 3171 nomine
422 3118 524 3171 domini
542 3119 629 3172 nostri
647 3119 707 3172 iesu
727 3118 820 3172 christi
844 3118 941 3188 incipit
963 3124 1078 3172 metrum
1103 3119 1190 3172 sancti
1208 3119 1301 3173 hilarii

157 3207 327 3276 pectauensis
346 3207 465 3278 episcopi
488 3208 516 3261 in
540 3207 733 3277 ge.u.si.ad
756 3208 863 3261 leonem
885 3224 984 3278 papam
997 3208 1025 3259 B
1049 3209 1195 3274 (Laudari.
1215 3211 1299 3291 273),

157 3296 255 3349 titulus
273 3313 333 3350 cum
351 3314 398 3351 roc.
418 3300 521 3350 1—131
537 3297 641 3350 interiit
658 3297 689 3349 in
703 3296 730 3348 A
750 3297 896 3362 (Laudare.
916 3300 988 3364 279)
1008 3297 1106 3350 Hilarii
1124 3297 1299 3367 pictauicnsis

158 3383 287 3455 Episcopi
315 3385 485 3455 genesis:ad
512 3385 629 3439 Leonem
658 3402 757 3455 papam
775 3403 802 3438 nr
822 3387 938 3453 (Moralii
966 3387 1006 3440 ed.
1035 3388 1125 3440 Poris.
1154 3403 1179 3440 a.
1208 3389 1298 3450 1560)

155 3473 204 3530 b:
215 3474 372 3528 Basilierzse
390 3476 528 3542 coemptor
546 3492 572 3528 a.
592 3478 627 3527 15
632 3478 649 3528 7
652 3477 679 3541 0,
698 3475 776 3528 caciaco
791 3476 916 3529 lectiones
929 3475 990 3529 Iulo.
1005 3475 1135 3530 Weitzius
1149 3476 1299 3551 asscripsit,

151 3564 199 3630 f:
213 3561 246 3616 G.
265 3562 422 3629 Fabricius,
443 3563 535 3615 littera
544 3581 567 3631 p
585 3579 660 3617 oreas
677 3563 805 3616 indicaui
823 3570 998 3617 correcturos.

188 3737 338 3791 dantestis
352 3738 380 3789 B
416 3735 499 3790 dabas
513 3736 557 3790 Bb
577 3736 701 3790 dabat-m
795 3737 965 3807 3non]nuno
979 3737 1024 3790 Bo
1119 3739 1301 3808 ostridentf

153 3827 282 3895 cotnmis]
301 3826 405 3880 coronis
419 3843 446 3879 an
501 3827 603 3880 discet
607 3828 631 3894 f
681 3827 816 3880 7iustum
832 3830 910 3880 estm
963 3825 1120 3896 9adqueB
1155 3828 1298 3898 reperteB

155 3913 187 3967 10
206 3914 428 3985 stupido-eaelo
444 3915 471 3967 B
490 3932 558 3970 corr.
568 3932 591 3982 p
627 3915 728 3968 lumine
743 3915 771 3967 B
828 3916 858 3967 11
878 3915 952 3968 mille
972 3914 1102 3985 adquam
1120 3916 1265 3986 pictaeque
1280 3918 1304 3984 f

154 4003 186 4056 13
205 4004 301 4073 temet]
321 4007 349 4056 te
368 4008 431 4057 sunt
439 4006 463 4072 f
495 4021 525 4058 ex
544 4006 584 4072 te]
602 4021 650 4074 per
668 4007 696 4057 te
712 4021 737 4057 or
844 4005 877 4056 14
890 4007 956 4057 nata
970 4021 996 4058 oa
1014 4009 1078 4058 nate
1093 4004 1138 4058 Bo
1175 4021 1225 4058 nec
1243 4004 1299 4059 iam

151 4092 235 4161 patris
249 4108 275 4144 m
384 4094 417 4145 15
438 4098 521 4162 caput
539 4108 567 4146 es
582 4109 608 4144 m
628 4093 725 4161 capitis
739 4093 767 4144 B
804 4093 887 4162 capiti
905 4092 985 4162 primi
1003 4095 1045 4162 tu]
1064 4093 1196 4162 primique
1217 4098 1298 4163 caput

150 4183 181 4234 tn
199 4198 226 4233 m
