2986 4920
677 350 878 403 Victorini

330 545 423 608 turba
446 549 518 608 nate
541 563 630 607 meae
655 562 883 624 numerumque
903 542 1031 606 hortare
1057 545 1258 624 sequentum,

375 653 441 716 Nee
466 652 593 716 decreta
614 670 726 734 parens
749 650 857 715 luotus
881 654 913 713 et
934 649 1050 733 gaudia
1072 649 1171 712 mixta

331 759 453 822 linierat
476 758 578 822 claros
602 757 752 830 monitus,
777 761 845 819 tum
868 756 998 820 luminis
1022 757 1114 820 orbes

327 866 394 947 ipse
417 866 515 940 leuat,
539 867 735 945 matremque
761 864 863 928 oeulis
888 863 1049 927 attendere
1074 864 1189 945 eoepit,

327 971 372 1034 nil
394 971 457 1034 iarn
481 971 573 1034 triste
597 989 719 1053 gerens.
743 970 891 1034 Habitus.
917 970 1090 1050 uultusque
1114 969 1254 1034 fatentur

330 1097 363 1140 so
387 1077 534 1142 timuisse
558 1077 647 1142 nihil.
672 1077 732 1141 nisi
756 1077 860 1140 tristia
883 1078 1015 1140 uulnera
1038 1077 1150 1140 matris

219 1229 224 1241 .
328 1203 383 1264 per
403 1188 512 1265 partus
536 1183 639 1246 diuisa
662 1202 756 1247 suos:
781 1183 837 1247 sed
861 1183 982 1264 etipse
1007 1183 1103 1247 citato

327 1290 454 1371 elapsus
477 1289 624 1355 manibus
649 1307 744 1353 eursu
768 1289 954 1354 conscendit
976 1289 1007 1352 iu
1031 1288 1133 1372 ignes,

328 1397 408 1460 inira
430 1398 551 1478 loquar,
575 1415 635 1460 non
659 1396 787 1459 flamma
810 1415 927 1471 eomas,
951 1415 1013 1460 non
1037 1396 1170 1479 contigit
1193 1416 1256 1460 ora.

328 1504 467 1567 exanime
492 1507 529 1566 ut
552 1523 665 1585 eorpus
689 1504 832 1568 flammas
857 1508 1062 1586 superauerat
1084 1504 1178 1586 ignis

326 1629 378 1673 ore
401 1612 529 1691 patente
554 1613 659 1673 tamen
684 1610 780 1674 tacite
804 1629 866 1691 qua
889 1610 1019 1692 spiritus
1043 1611 1102 1675 iret

215 1721 250 1775 ,ἵ
325 1716 407 1780 unde
433 1721 582 1798 aceeptus
607 1721 674 1780 erat
697 1717 814 1799 pariter
837 1714 910 1780 eum
934 1718 1087 1800 sanguine
1111 1717 1203 1799 fugit.

324 1823 384 1888 boo
407 1823 476 1904 ipso
502 1828 551 1888 est
574 1825 685 1907 gauisa
708 1843 831 1906 parens.
857 1824 941 1905 quod
964 1825 1018 1906 qui
1041 1825 1135 1888 modo
1160 1825 1244 1888 tristi

323 1931 508 1995 constiterat
531 1933 636 2001 uultu.
660 1932 760 1996 fretus
785 1927 869 2013 quod
893 1935 1020 2014 pectore
1044 1934 1115 1994 tuto

321 2037 461 2118 paruerit
483 2037 623 2104 monitis.
646 2038 742 2120 Regis
760 2042 966 2121 'contemptor
989 2041 1021 2103 et
1043 2038 1116 2101 irae.

322 2142 367 2206 sio
392 2145 499 2206 exorta
521 2146 627 2205 tamen
653 2162 724 2206 eum
749 2144 814 2208 Rea
839 2144 999 2208 dubitaret
1022 2144 1053 2207 iu
1077 2145 1151 2207 illos

323 2249 377 2330 qui
401 2252 553 2332 superant
576 2249 777 2331 gemitusque
802 2250 900 2328 daret,
923 2251 976 2334 pia
998 2251 1091 2315 turba
1114 2249 1252 2313 ministri

319 2356 439 2438 Regem
465 2359 656 2427 execrantur,
680 2359 768 2419 tanto
794 2375 937 2421 sermone
961 2360 1147 2438 querentes:

320 2463 477 2544 protrahe,
503 2461 579 2542 quid
603 2461 756 2525 dubitas?
780 2463 861 2526 nulli
885 2462 947 2525 ianr
972 2481 1098 2544 parcere
1123 2462 1228 2526 debes

323 2589 379 2632 neo
403 2571 505 2651 poteo,
530 2571 566 2632 ut
590 2568 709 2651 cupias,
735 2568 896 2632 decretum
919 2588 1064 2651 rumpere
1089 2569 1187 2633 nulli:

325 2676 448 2757 appello
473 2694 579 2757 regem
603 2678 707 2738 totum
731 2676 784 2756 qui
809 2679 966 2758 temperat
990 2676 1107 2752 orbem,

191 2790 208 2843 ⁸.
236 2786 249 2835 ἕ
324 2781 377 2862 qui
400 2800 496 2855 mare,
521 2780 575 2862 qui
600 2780 734 2856 eoelum,
759 2781 839 2845 ooeli
863 2781 914 2845 oui
939 2782 1050 2865 sydera
1072 2784 1199 2864 parent:

320 2887 405 2969 quod
428 2887 489 2952 nisi
512 2886 670 2969 producis,
694 2886 790 2951 timor
814 2891 873 2960 est,
896 2887 959 2951 iam
984 2888 1113 2972 segnius
1136 2887 1244 2963 instat,

321 2994 384 3056 ianr
409 2993 509 3058 sentis
534 3013 628 3074 quem
651 3011 752 3076 poena
775 2997 874 3075 petat,
898 2995 962 3058 iam
984 2994 1086 3079 gloria
1109 2994 1199 3058 nobis

320 3104 408 3183 parte
432 3100 463 3164 in
489 3103 623 3181 utraque
646 3103 763 3166 manet.
788 3100 883 3164 liceat
904 3101 1078 3184 producere
1102 3100 1217 3164 nullis:

318 3227 389 3270 nam
415 3226 621 3289 quoscunque
645 3210 737 3270 tuum
761 3207 886 3272 iussisti
910 3208 1058 3273 exoedere
1081 3227 1224 3291 regnum,

185 3315 248 3378 210
317 3314 447 3378 forsitan
471 3314 531 3378 hoo
556 3316 689 3378 mortem
715 3314 822 3379 eredas
846 3314 963 3380 furiose
987 3319 1126 3399 tyranne.

220 3506 270 3560 184
281 3504 521 3561 turbamn.1neam
566 3505 749 3559 193fla1nmae
789 3505 839 3558 199
851 3522 943 3559 exorsa
979 3506 1131 3561 205sidera
1168 3507 1332 3562 210morem

192 3627 243 3634 -m
252 3625 440 3633 ..m—...—

218 3665 269 3718 184
288 3681 340 3734 que
360 3682 410 3718 oue.
485 3665 536 3717 186
555 3665 683 3734 monitus]
703 3666 791 3719 minus
829 3665 901 3719 orbis
976 3667 1027 3721 188
1046 3667 1124 3738 Nibjl
1161 3666 1279 3734 fatenter
1299 3676 1330 3721 et.

182 3771 249 3808 corr.
344 3754 394 3808 189
414 3753 451 3822 se]
472 3753 520 3807 sed
555 3754 673 3823 tristitia
765 3756 816 3809 190
835 3755 883 3809 sed
903 3757 1016 3826 etipse]
1036 3758 1191 3827 sequiipsa
1233 3757 1331 3810 citatos

182 3843 232 3895 191
253 3844 373 3912 elapsum
439 3842 489 3894 192
509 3844 644 3913 contingit
713 3843 763 3898 193
783 3861 878 3914 oorqrus
897 3848 929 3897 ut
948 3847 1068 3900 exanime
1088 3847 1193 3900 flemma
1213 3863 1234 3900 s.
1252 3847 1330 3915 ignes

183 3932 233 3984 196
253 3930 357 4000 gauisa]
378 3930 466 3983 diuisa
523 3933 573 3984 198
592 3935 736 4002 parauerat
766 3937 919 4004 contempto
929 3935 1012 3987 retise
1060 3936 1110 3989 199
1120 3936 1221 4005 tamen]
1233 3940 1330 4004 parens

181 4019 233 4072 200
259 4019 306 4090 pia
334 4035 385 4074 om.
412 4020 544 4073 ministris
644 4022 694 4075 201
727 4026 879 4076 execrantes
908 4022 993 4077 tacito
1094 4024 1145 4079 202
1174 4024 1329 4094 protrahere

180 4107 232 4160 205
252 4106 320 4160 ooeli
340 4108 391 4177 cui]
412 4108 454 4160 oui
474 4109 524 4179 oeli
597 4109 649 4163 206
669 4111 759 4180 signin
832 4111 883 4165 208
903 4115 1043 4182 utramque
1086 4113 1176 4182 liceat]
1196 4112 1262 4167 licet
1279 4129 1329 4166 nos

195 4201 258 4262 post
274 4212 303 4251 u.
328 4196 379 4249 209
400 4197 454 4250 dato
472 4199 602 4252 6616666116
625 4203 676 4252 211
698 4204 797 4254 61212
819 4207 931 4254 nostrae
952 4201 993 4254 ed.
1015 4201 1284 4266 (Seruitia—furorem
1305 4208 1330 4254 et

178 4281 524 4354 Himpetuum—priorurn)
545 4293 695 4354 sequautur
714 4289 744 4341 in
766 4288 789 4340 U
837 4287 889 4341 210
909 4287 988 4342 ereda
