2986 4920
596 424 843 478 Prooemium.
1237 412 1324 506 ΙἸΙΙ

257 601 396 667 Collecta
407 622 487 683 qnae
498 603 625 666 collexit
634 602 790 667 Wiebodo
803 623 837 665 ex
850 603 1012 685 opusculis
1031 602 1137 667 Sancti
1151 604 1324 688 Augustini

212 709 371 773 Ambrosii
394 709 578 791 Hieronymi
603 712 635 772 et
659 713 835 773 ceterorum
858 713 983 792 patmm
1006 711 1038 773 iu
1063 711 1200 791 quinque
1223 710 1322 776 libros

214 817 316 898 Moysi
340 816 371 878 in
399 837 461 879 nuo
486 817 602 880 codice.

123 923 245 1003 plenior
269 927 317 986 est
340 923 455 985 titulus
480 942 574 1004 quem
593 924 768 986 Martenius
793 944 828 985 ex
849 924 956 987 codice
975 925 1153 988 Treuireusi
1178 925 1285 988 dedit:
1300 925 1323 1009 ¹)

255 1030 347 1092 Liber
367 1031 568 1110 questionum
584 1049 678 1111 snper·
693 1030 809 1093 librum
826 1030 958 1095 Genesis
979 1050 1015 1093 ex
1030 1031 1124 1095 dictis
1140 1035 1321 1096 sanctorum

211 1139 335 1217 patrum
360 1137 533 1218 Augustini
557 1136 699 1219 Gregorii
725 1137 901 1199 Hieronimi
925 1137 1085 1200 Ambrosii
1103 1137 1217 1200 Hilarii
1235 1139 1322 1202 Hisi-

213 1242 279 1306 dori
304 1242 449 1305 Eucherii
476 1246 508 1304 et
531 1243 647 1306 lunilii.

211 1349 282 1412 Mor
317 1350 385 1412 siue
418 1350 486 1431 ipse
519 1354 629 1414 auctor
662 1352 882 1430 quaestionum
915 1352 966 1412 uel
1001 1352 1217 1415 collectorum.
1252 1352 1321 1414 siue

36 1512 39 1517 .
123 1456 206 1519 alius
240 1457 346 1521 nescio
380 1458 461 1538 quis.
487 1477 548 1538 quo
583 1459 629 1520 eis
662 1458 900 1538 quaestiouibus
935 1458 1097 1540 egregium
1128 1458 1321 1539 praesidium

123 1567 217 1644 atque
255 1567 472 1628 ornamentum
510 1567 642 1646 pararet.
681 1565 844 1646 praemisit
883 1565 1018 1647 siugulis
1054 1565 1144 1627 libris
1182 1565 1320 1628 carmina

122 1669 236 1732 Hilarii
268 1670 389 1733 Probae
423 1671 537 1733 Alcimi
571 1671 732 1734 Dracontii
762 1671 906 1753 Cypriani
935 1674 1110 1734 ceteromm
1144 1670 1182 1733 ad
1215 1671 1323 1753 hepta-

124 1777 273 1840 teuchum
299 1778 494 1858 pertinentia.
509 1779 534 1860 ἓ)
563 1779 673 1841 recisis
703 1798 782 1858 quae
811 1778 912 1840 aliena
936 1775 1072 1861 orauit).
1098 1796 1177 1858 quac
1210 1778 1237 1840 si
1261 1796 1323 1841 non

122 1884 238 1949 omnia.
255 1887 287 1945 at
303 1885 452 1964 pleraque
463 1885 493 1946 in
510 1904 571 1947 uuo
589 1884 880 1948 codiceNazariano
905 1884 1071 1948 coniuncta
1092 1884 1277 1946 inuenisset.
1294 1883 1322 1968 ⁴¹)

215 1992 288 2054 talis
316 1991 377 2053 tirit
410 1991 505 2054 codex
538 2011 630 2071 quem
665 1991 890 2056 monasterium
930 1989 1160 2053 Ceutulense
1199 2009 1225 2052 a.
1257 1992 1318 2052 831

122 2098 285 2180 possidere
322 2099 486 2161 Hariullirs
525 2099 568 2160 ait
607 2100 635 2160 iu
676 2098 783 2162 Gestis
822 2098 973 2160 ecclesiae
1012 2096 1213 2160 Gentulensis
1251 2096 1320 2160 siue

124 2204 156 2270 S.
180 2205 317 2268 Richarii
333 2205 393 2288 (ed.
418 2206 582 2287 D'achery.
608 2206 756 2288 Spicileg.
780 2208 804 2271 t.
828 2205 889 2267 llll
916 2225 945 2284 p.
971 2205 1046 2271 419.
1072 2204 1119 2267 ed.
1145 2222 1218 2266 nou.
1242 2205 1266 2266 t.
1291 2203 1321 2266 ΙΙ

122 2331 153 2392 p.
180 2313 253 2376 310.
280 2311 317 2376 G.
343 2313 464 2376 Becker
488 2313 633 2395 Gatalogi
655 2335 685 2395 p.
712 2314 807 2375 2611.
834 2311 909 2395 8111:

258 2419 370 2482 Hilarii
396 2424 500 2482 autem
516 2420 553 2482 de
569 2420 630 2482 fide
646 2422 771 2483 sauctae
791 2419 964 2480 'trinitatis
981 2418 1181 2498 quaestiones
1197 2417 1319 2484 Hilarii.

172 2602 189 2666 ¹)
211 2601 243 2654 de
262 2603 454 2655 recentioribus
475 2603 609 2655 codicibus
629 2603 684 2655 uid.
704 2603 869 2670 prooemium
889 2601 1008 2654 Auitiau.
1039 2619 1064 2669 p,
1084 2600 1131 2652 Li*
1151 2604 1178 2651 et
1197 2598 1271 2654 LVll
1292 2615 1319 2652 u.

206 2692 253 2754 77;
278 2708 308 2743 ex
336 2692 502 2743 'l'rcuireusis
521 2692 660 2744 Maximini
675 2691 764 2744 coelice
780 2690 869 2759 priora
879 2690 984 2758 aliquot
1004 2690 1092 2757 capita
1111 2687 1196 2740 edidit
1220 2688 1320 2740 Marte·

214 2780 274 2831 nius
295 2780 461 2832 collectionis
481 2798 544 2832 snae
564 2784 637 2832 tomo
658 2780 719 2832 VlIl
740 2797 764 2848 p.
780 2779 935 2832 aot-298:
951 2778 1151 2846 inscriptionem
1167 2793 1225 2829 cum
1240 2773 1320 2828 laude

215 2867 302 2921 Caroli
322 2869 393 2935 regis
414 2879 441 2921 et
453 2870 622 2922 adlocutione
634 2870 666 2921 ad
677 2870 775 2921 librum
791 2884 821 2920 ex
835 2868 967 2920 Marteuio
982 2866 1111 2935 repetiuit
1120 2866 1150 2918 E.
1162 2865 1319 2917 Duemmler

214 2956 279 3010 PLC
300 2961 310 3011 l
331 2976 356 3026 p,
377 2960 491 3010 95-97.

168 3049 191 3115 2)
212 3062 272 3097 nam
293 3063 350 3098 cum
371 3047 449 3098 Marii
471 3047 585 3099 Victoris
606 3063 710 3098 caurien
731 3054 788 3097 tum
818 3045 921 3097 Sedulii
936 3046 1008 3113 prior
1035 3062 1096 3112 pars
1116 3045 1137 3095 ll
1158 3044 1273 3111 1-274)
1293 3047 1321 3097 et

215 3136 325 3187 Amneni
355 3134 520 3187 enchiridion
550 3152 656 3203 prorsus
685 3135 772 3186 aliena
801 3138 877 3185 erant
897 3151 912 3185 a
930 3135 1068 3202 proposito
1096 3133 1213 3185 auctoris
1238 3149 1319 3200 quae-

217 3226 347 3276 stionum:
366 3225 486 3293 Hclpidii
507 3226 630 3277 tristicha
645 3224 739 3277 dubito
756 3241 787 3275 au
803 3241 856 3274 uon
872 3224 981 3290 cognita
991 3223 1117 3274 babuerit
1128 3219 1319 3274 Gallushomo

170 3315 191 3380 ³)
211 3315 302 3366 recisis
322 3332 390 3383 quae
410 3316 498 3368 aliena
518 3324 606 3367 crant:
628 3331 688 3366 nam
716 3314 818 3366 Probae
848 3313 968 3365 centonis
996 3311 1108 3363 alteram
1126 3314 1231 3378 partem
1251 3327 1319 3378 quae

219 3410 261 3455 est
288 3403 319 3455 de
348 3421 418 3457 nouo
456 3408 620 3455 testamento
659 3403 774 3455 resecuit
813 3406 893 3470 atquc
924 3403 1004 3454 etiam
1033 3401 1066 3453 de
1104 3403 1170 3454 lona
1206 3415 1320 3463 carmen,

213 3509 299 3560 neque
319 3493 407 3545 miuus
428 3511 457 3545 ex
476 3493 574 3546 Alcimi
594 3492 725 3560 poematis
754 3490 850 3543 libmm
871 3490 904 3543 de
923 3488 1095 3558 uirginitate;
1114 3488 1231 3556 Eugenii
1241 3504 1318 3556 porro

213 3583 392 3650 praelationes
413 3592 440 3633 ct
459 3582 627 3634 monosticha
646 3586 673 3632 et
692 3580 904 3633 satisfactionem
928 3579 1075 3632 Dracontii.
1095 3595 1163 3647 quae
1192 3578 1319 3646 pleraque

214 3688 272 3723 cum
293 3672 418 3723 hahuisse
438 3673 517 3723 testis
546 3675 587 3723 cst
617 3669 765 3738 Vt'ighodus
793 3671 821 3721 iu
849 3669 971 3721 uersibus
999 3667 1033 3718 ad
1062 3667 1184 3720 Carolum
1204 3667 1319 3735 scriptis,

211 3777 277 3828 quos
297 3776 395 3828 magua
415 3777 445 3812 ex
463 3764 539 3828 parte
559 3763 699 3812 mutuatim
718 3759 751 3811 ab
771 3758 874 3813 Alcimo
893 3757 1025 3826 Eugeuio.

165 3853 186 3914 ⁴)
207 3850 331 3917 equidem
359 3850 510 3916 putauerim
542 3866 679 3901 numerum
719 3849 863 3899 carminum
902 3846 935 3898 ab
972 3846 1121 3898 Nazariauo
1158 3843 1318 3895 traditorum

209 3957 261 3991 uon
282 3940 386 3991 auxisse
406 3939 540 3990 hominem
560 3938 650 4000 istum,
671 3937 717 3989 sed
746 3938 882 3988 minuisse.
912 3952 974 3988 saue
994 3934 1092 3986 Hilarii
1111 3931 1229 3984 Genesin
1248 3932 1318 3985 uude

210 4027 354 4080 adsciuerit
383 4032 408 4078 ct
438 4043 541 4078 carmen
571 4027 603 4078 de
633 4025 755 4087 Sodoma,
776 4042 829 4076 uon
849 4026 944 4093 liquet.
964 4041 1024 4075 nam
1045 4024 1072 4075 in
1093 4023 1210 4090 catalogi
1228 4020 1319 4073 titulis

211 4116 412 4184 nonleguntur:
432 4116 545 4167 l'roham
567 4116 631 4182 quin
648 4132 677 4166 ex
697 4114 847 4166 Nazariano
864 4114 1016 4182 sumpserit.
1037 4113 1079 4164 uir
1100 4117 1140 4164 est
1160 4110 1270 4163 dubium
1292 4113 1320 4163 et

210 4205 345 4256 iudicatur
381 4203 550 4257 Clouiaceusi
586 4204 682 4258 titulo:
720 4220 768 4257 uec
797 4203 915 4256 defuisse
944 4202 977 4254 de
1006 4201 1120 4254 Sodoma
1149 4215 1255 4252 caurien
1291 4199 1319 4250 iu

209 4293 359 4346 Nauariauo
380 4310 438 4344 cum
460 4293 523 4344 lona
543 4293 575 4344 ab
606 4293 663 4361 ipso
696 4298 776 4361 poeta
805 4293 975 4345 coniunctum
1004 4308 1033 4343 ex
1063 4288 1199 4344 Sicchardi
1228 4287 1318 4341 uerbis

209 4382 287 4434 facile
307 4383 431 4434 conicias.

1252 4491 1284 4536 all·
