2986 4920
692 357 894 410 victorini
932 412 935 416 Α

350 556 408 621 hac
432 559 515 619 certe
539 555 660 619 ratione
684 573 791 618 meum
815 555 930 619 sanabo
956 553 1105 619 delerem.

394 661 533 727 Sustulit
556 661 610 723 illa
635 679 758 735 manus,
782 660 967 741 caelumque
991 658 1126 741 inspexit
1147 657 1179 719 in
1204 657 1310 719 altum

349 769 456 833 emisit
478 767 628 853 gemitus,
653 770 685 831 et
706 767 782 830 talia
804 767 900 831 uerba
923 768 1057 849 loquuta
1080 767 1146 829 est:

351 880 386 940 tu
409 877 486 941 licet
510 878 657 959 etgarus
680 874 796 950 tradas,
821 878 853 938 et
876 892 972 957 regna
993 876 1135 956 tyranne,

350 1002 411 1047 nen
435 982 577 1064 capimur
599 1000 710 1064 regum
734 980 834 1047 denis.
858 999 916 1044 nec
939 997 1070 1044 munera
1092 979 1210 1042 sanctis

350 1090 483 1173 eripient
505 1088 659 1170 promissa
684 1088 752 1152 dei:
777 1106 849 1170 spes
874 1088 989 1152 certior
1011 1087 1067 1151 illa
1090 1089 1149 1161 est,

352 1180 440 1279 quae'
456 1197 556 1259 uitam
580 1194 670 1260 nubis
693 1195 851 1277 promittit
873 1198 1014 1277 ternpore
1037 1195 1152 1278 longo:

350 1303 429 1367 hauc
454 1320 577 1382 sequor,
602 1301 683 1365 hanc
707 1299 820 1365 didici:
845 1320 907 1365 nen
930 1300 1052 1364 lubrica
1073 1302 1203 1383 tangere
1228 1316 1339 1381 regna,
1371 1380 1374 1384 .

351 1426 474 1473 sumere
500 1405 630 1471 diuitias
654 1405 745 1469 facile
770 1409 828 1481 est,
853 1409 885 1469 et
907 1406 1035 1487 perdere
1058 1405 1170 1468 uitam.

337 1515 407 1579 ‘sed
431 1515 508 1578 licet
531 1517 563 1577 et
586 1513 728 1577 flammas
751 1515 825 1596 pest
847 1514 979 1578 uerbera
1001 1531 1096 1578 saeua
1120 1512 1259 1590 mineris,

351 1624 395 1687 nil
419 1624 539 1684 mutare
563 1623 674 1702 petes:
698 1620 807 1703 primis
832 1620 1012 1701 accepimus
1036 1620 1125 1684 annis

351 1726 502 1791 uirtutem
529 1747 601 1792 curn
625 1728 696 1811 lege
720 1727 844 1791 datam:
867 1727 947 1790 mihi
970 1727 1110 1808 linquere
1134 1727 1256 1790 certum
1279 1728 1335 1789 est

351 1834 501 1915 quicquid
526 1853 620 1898 saeue
643 1835 744 1898 iubes.
769 1834 851 1898 natis
875 1833 960 1916 quod
983 1853 1065 1898 nunc
1088 1831 1269 1910 dominaris,

350 1938 410 2003 hec
433 1942 537 2004 selum
561 1941 691 2023 poteris.
714 1944 848 2004 matrem
872 1941 998 2005 turbare
1021 1941 1143 2005 timere.

262 2085 271 2107 ι
350 2048 399 2109 est
421 2047 499 2110 milri
523 2066 646 2128 nanque
671 2047 748 2113 deus
772 2067 855 2132 spes,
880 2051 929 2113 est
951 2047 1030 2111 mihi
1054 2051 1138 2112 certa
1161 2066 1317 2125 meorum,

349 2171 519 2234 perquem
544 2154 607 2217 iarn
632 2173 753 2238 sperem
777 2158 809 2218 te
833 2155 957 2218 nullum
980 2154 1105 2220 uincere
1128 2174 1232 2238 posse,

327 2260 468 2323 *coelum
492 2261 574 2329 faue,
599 2260 741 2342 coelique
764 2280 887 2343 parens.
911 2265 943 2325 te
967 2261 1050 2326 iusta
1072 2281 1231 2345 rogamus.

394 2384 446 2429 rer
468 2365 546 2428 frrrit
568 2364 755 2431 Antiochus.
779 2366 967 2449 turbataque
991 2367 1083 2432 cerda
1106 2368 1282 2452 tumebant,

351 2470 493 2536 concutit
516 2475 548 2534 et
571 2490 685 2536 saeuos
709 2475 845 2537 testatus
869 2473 989 2538 lumine
1012 2476 1133 2549 uultus,

240 2579 282 2642 40
350 2578 543 2659 miraturque
569 2577 622 2641 diu
645 2578 749 2661 pessit
771 2579 855 2660 quod
877 2580 1013 2644 foemina
1036 2583 1169 2645 tanturn.

328 2685 448 2762 *miles
473 2684 527 2753 ait.
552 2703 626 2767 pare
649 2685 726 2768 regi,
751 2704 875 2766 quoque
899 2705 972 2769 pare
996 2688 1134 2761 satelles

349 2810 407 2855 uos
431 2791 543 2854 famuli
566 2794 672 2873 parete
695 2791 784 2859 mihi.
809 2791 880 2856 date
904 2813 999 2876 regua
1021 2794 1135 2858 furenti

347 2897 503 2962 foemineo
527 2899 683 2962 tormenta
706 2898 801 2975 malo,
826 2899 947 2964 saeuire
971 2900 1126 2964 furentem

348 3004 484 3069 foemina
507 3022 557 3066 mc
585 3003 681 3087 cogit,
705 3004 789 3086 quod
812 3005 885 3086 plus
910 3009 969 3082 est,
993 3007 1127 3071 foemina
1151 3007 1252 3073 uincit

263 3152 271 3174 ι
350 3111 434 3194 regis
457 3109 545 3174 iussa
569 3109 630 3173 sui.
655 3110 794 3176 sednon
818 3111 947 3195 impune
972 3114 1078 3177 locuta
1103 3118 1160 3178 est.

349 3216 548 3281 membratim
572 3219 698 3298 pereat:
723 3219 845 3299 septem
870 3237 942 3282 nam
967 3220 1084 3301 perfida
1107 3224 1198 3286 nates

350 3325 431 3387 intra.
453 3342 548 3406 regna
572 3326 669 3398 tenet,
694 3342 827 3404 quorum
853 3325 905 3405 qui
929 3326 1048 3408 primus
1072 3327 1215 3405 habetur,

350 3431 400 3494 hic
424 3430 546 3512 primus
571 3433 696 3512 pereat:
720 3433 849 3512 pereant
872 3430 918 3495 sic
943 3432 1049 3497 ordine
1074 3435 1188 3512 cuncti,
1283 3424 1298 3434 ”

252 3624 286 3676 23
297 3623 423 3676 emittens
443 3620 532 3673 locuta
575 3621 609 3674 30
620 3621 755 3674 ministres
792 3620 826 3674 33
838 3620 910 3688 qued
922 3621 1106 3676 duraminaris
1144 3623 1364 3680 37Coelu1nom.

216 3713 249 3765 41
270 3727 376 3781 quoque
409 3709 481 3779 parc]
502 3725 619 3778 pureque
674 3711 709 3762 42
728 3709 792 3763 data

252 3854 286 3906 22
303 3851 425 3905 sustullit
479 3850 514 3902 23
530 3850 619 3903 emisit
656 3852 746 3903 locuta
801 3852 835 3904 24
850 3850 913 3903 licet
924 3851 961 3919 et}
973 3855 1000 3903 et
1011 3868 1061 3905 erre.
1116 3853 1298 3922 ‘lecapiamur
1316 3871 1366 3925 nec

219 3942 397 3997 28lubrieata
417 3956 514 4009 genere
582 3941 615 3994 29
636 3944 663 3993 et
682 3957 732 3993 cnr.
801 3939 835 3992 30
854 3956 934 3993 saeue
1008 3941 1040 3994 31
1061 3940 1131 4012 nibil
1168 3946 1259 4010 potest
1296 3945 1366 3998 acci·

217 4031 304 4102 pimus
368 4029 518 4083 32uirtutc
557 4028 620 4082 data
684 4029 718 4081 33
734 4028 863 4097 quidquid
901 4029 1132 4098 quoddeminaris
1190 4031 1367 4086 34tim0rem

218 4119 326 4174 secere
381 4118 415 4170 37
429 4121 457 4170 te
472 4134 522 4171 ona.
580 4117 614 4170 38
633 4117 685 4169 fuit
721 4119 839 4170 testetur
865 4117 1016 4188 tumebant]
1031 4122 1196 4187 tumultup-
1211 4121 1378 4190 alierum„

219 4222 294 4274 opr.
312 4209 358 4273 rer.)
450 4207 483 4258 41
508 4221 572 4274 pare
591 4204 668 4258 miles
688 4204 727 4257 ait
821 4205 855 4258 43
876 4205 976 4258 seruire
1070 4210 1104 4261 45
1124 4209 1179 4262 suis
1200 4212 1227 4262 et
1263 4211 1367 4281 inpune

218 4295 252 4347 46
271 4298 382 4365 pereant
436 4294 470 4347 48
489 4298 583 4364 pereat
602 4293 697 4363 perdat
729 4297 837 4346 cunctus
