2986 4920
565 360 813 413 Prooemium.
1206 349 1299 414 XVII

193 539 413 604 Aduertendae
430 542 504 602 suat
522 558 594 621 prae
611 537 723 602 ceteris
743 537 947 619 duplices
966 539 1201 619 lectiones,
1219 561 1301 624 quae

97 646 135 710 in
165 645 201 708 X
221 646 359 711 fueruat.
381 646 473 709 uelut

195 777 223 844 G
246 779 308 842 261
331 779 458 860 caumas
481 778 522 853 A,
543 780 688 862 yirptaus
715 777 748 853 U,
770 781 894 858 aestates
921 775 968 839 G:
984 741 1111 861 9444443
1125 781 1158 861 (s
1172 779 1297 844 litterae

98 907 120 946 ι·
145 872 258 950 similis
282 883 340 972 se.)
366 884 402 948 X
1176 945 1242 988 m
1337 972 1341 980 Ι

195 990 310 1057 (4482
333 992 461 1056 4444443
481 993 619 1072 §audeus
650 991 692 1066 A,
725 991 959 1072 austriacaadcus
996 990 1075 1054 GC:
1107 991 1235 1056 4444443
1265 991 1301 1054 X

116 1100 120 1105 ⁴
195 1141 223 1208 a
248 1144 332 1207 1029
356 1143 466 1207 4444
480 1143 521 1221 A,
545 1143 614 1207 44
642 1140 721 1205 aa:
745 1098 855 1207 utta
880 1141 936 1205 xc
965 1237 968 1242 Ι

192 1249 217 1312 Ε
243 1250 306 1312 583
329 1250 429 1332 uacuus
446 1249 521 1329 4443
549 1247 582 1332 O,
605 1250 675 1329 plus
698 1249 729 1312 A

192 1399 217 1462 s
242 1401 306 1464 ces
329 1400 454 1463 aasuuu
476 1399 517 1475 A,
542 1400 707 1464 aestuata
734 1398 780 1462 a:
801 1363 928 1464 44444
957 1399 992 1462 Χ

195 1507 219 1570 Ε
246 1508 331 1570 1032
349 1507 546 1587 4444444444
570 1507 611 1589 A,
630 1506 832 1587 praelucidus
859 1505 983 1593 O(leg.
1002 1506 1195 1593 perlucidus)

191 1613 221 1676 N
246 1615 306 1678 551
327 1613 587 1696 perliquiluaidus
609 1613 651 1688 A,
669 1613 850 1695 perlucidus
873 1610 939 1675 Bc

191 1720 221 1784 N
245 1722 286 1785 48
309 1741 419 1785 344443
441 1741 528 1785 serus
550 1721 592 1795 A,
616 1741 703 1785 serus
721 1718 787 1784 BC
814 1783 817 1788 .

191 1827 220 1890 N
245 1829 308 1892 235
326 1829 475 1909 profatur
491 1834 661 1909 praecatur
683 1828 724 1903 A,
743 1827 892 1908 profatur
918 1824 946 1889 0

192 1934 222 1997 N
245 1935 310 1997 434
333 1935 496 2015 4434449444
519 1936 676 2017 4434444944
698 1934 739 2010 A,
765 1931 987 2014 4444494414,
1011 1933 1173 2014 (4434449444
1200 1932 1227 1994 Ο

192 2041 222 2104 N
246 2043 309 2104 536
333 2042 436 2105 444434
460 2041 560 2104 laetali
598 2063 622 2102 ω

191 2191 220 2253 N
244 2193 308 2254 672
332 2195 455 2254 444444
477 2190 517 2265 A,
542 2196 642 2254 uauct
664 2190 705 2265 B,
726 2157 820 2254 440444
847 2190 874 2253 U

178 2340 218 2403 'D
231 2373 233 2376 >
244 2333 285 2404 93
310 2342 378 2421 4494
392 2341 422 2402 ct
440 2342 570 2404 44444444
584 2340 626 2415 A,
642 2341 710 2421 4494
729 2344 784 2438 rat.
803 2339 845 2415 B,
865 2342 986 2405 lustau
1008 2338 1052 2403 0:
1073 2298 1238 2424 4444444444
1262 2337 1298 2401 X

191 2448 218 2510 1)
269 2449 332 2512 160
378 2448 496 2511 4444444
539 2448 687 2528 94444444
728 2445 770 2521 Β,
812 2447 949 2511 44444444
992 2448 1149 2530 aracaeus:
1195 2446 1298 2544 rideat

95 2561 247 2680 94444444
272 2597 307 2660 Χ
330 2599 368 2663 af.
395 2597 422 2663 G
449 2600 489 2660 13

193 2705 220 2768 D
242 2707 303 2768 251
315 2706 463 2785 uratu'uus
472 2705 618 2784 placidus
632 2705 750 2768 sedabat
764 2704 801 2779 L,
812 2706 959 2784 pretiuus
972 2704 1094 2767 sedauit
1110 2703 1256 2782 placidus
1274 2700 1302 2764 (l

695 2813 705 2844 ὅ

778 2858 783 2868 ι

779 2902 782 2913 s

192 2857 220 2920 Ι)
246 2858 309 2920 263
334 2856 383 2918 taus
407 2859 451 2918 cst
473 2855 550 2918 44444
573 2875 614 2916 a:
638 2857 688 2919 ius
707 2856 780 2918 44444
808 2855 844 2918 Χ

190 3008 204 3070 1
229 3008 291 3071 ssa
315 3010 445 3068 uuum
468 3005 512 3068 a:
532 2971 698 3071 404444

190 3114 235 3178 IN
260 3115 322 3177 182
347 3112 504 3192 4444434444
528 3114 582 3175 dat
602 3114 691 3176 44444
714 3113 784 3187 Aa,
810 3114 864 3177 dat
888 3129 949 3177 em.
975 3112 1007 3175 B

189 3264 234 3327 IN
258 3266 323 3327 310
347 3265 424 3326 tussi
447 3263 488 3337 A,
513 3265 607 3328 tussis
630 3263 707 3328 BG:
731 3232 810 3328 44334
835 3264 871 3327 Χ

191 3372 329 3435 diuersas
363 3371 420 3434 has
454 3371 635 3457 lectionesl)
673 3393 733 3437 noa
767 3373 944 3436 censuerim
968 3372 1215 3456 Wigbcdiaaum
1238 3374 1297 3437 lib·

98 3478 217 3540 rarium
258 3497 293 3540 ex
332 3496 390 3541 sua
428 3477 555 3560 ingenie
595 3479 771 3561 scripsisse,
808 3479 864 3542 sed
902 3479 1068 3562 diligenter
1093 3479 1298 3562 descripsisse

101 3603 180 3666 quae
222 3584 404 3650 inuenerat:
447 3584 573 3666 propria
616 3589 703 3648 erent
739 3586 976 3649 Nazariani
1012 3586 1095 3662 libri,
1133 3588 1186 3649 uel
1229 3586 1297 3651 eius

100 3710 135 3754 er
173 3711 234 3772 qua
281 3691 473 3754 Nazarianus
517 3690 694 3772 descriptus
751 3695 826 3758 erat.
875 3712 911 3755 ex
957 3692 1015 3755 hoa
1066 3695 1172 3756 autem
1219 3692 1296 3754 anti-

190 3881 209 3949 1)
242 3897 295 3933 non
320 3898 378 3933 raro
397 3882 427 3934 in
445 3882 479 3945 A,
501 3881 572 3950 quad
600 3883 668 3935 false
695 3881 823 3950 scriptum
847 3883 912 3943 erat,
942 3881 1034 3933 statim
1061 3880 1160 3932 rectius
1188 3880 1298 3948 panitur

99 3968 183 4022 altera
202 3986 257 4021 non
277 3968 374 4034 deleto,
395 3971 426 4021 ut
444 3968 470 4021 N
489 3969 539 4023 291
559 3986 617 4023 ucr
635 3972 750 4037 mesura
769 3970 795 4023 N
814 3970 865 4023 298
886 3970 1007 4037 absoluat
1023 3985 1086 4022 ucre
1098 3968 1125 4021 N
1140 3968 1192 4022 745
1205 3969 1299 4022 uireus

98 4056 155 4108 iam
170 4057 289 4126 944444
311 4057 367 4109 ua'r
385 4058 469 4121 440444,
490 4060 517 4110 et
535 4057 622 4111 uideri
640 4060 732 4128 petest
749 4057 875 4110 librarius
894 4058 960 4111 haec
980 4073 1085 4126 quoque
1104 4055 1133 4110 in
1153 4057 1296 4126 exemplari

98 4145 243 4211 inuenisse,
272 4144 553 4198 aumE122lscribat
568 4146 712 4213 diufcrta'a,
731 4162 779 4215 pro
795 4162 847 4214 qua
863 4145 886 4198 si
900 4162 978 4199 suurn
993 4161 1107 4198 errarem
1132 4146 1297 4210 correxisset,

99 4234 236 4302 difuertu'a
256 4234 414 4304 scripsisset.
435 4237 552 4288 ceterum
571 4250 624 4288 nan
652 4251 711 4287 raro
731 4235 819 4304 fpra
847 4250 867 4287 u
890 4235 1009 4304 positum
1035 4237 1077 4288 est
1100 4232 1128 4287 in
1156 4235 1190 4298 A,
1215 4239 1246 4288 ut
1274 4234 1298 4288 G

99 4322 167 4375 1353
187 4323 349 4392 adfectaque
362 4323 449 4391 farra
469 4323 502 4378 el.
603 4365 610 4380 .

150 4448 233 4486 xxm.
246 4446 313 4497 cypr.
330 4452 391 4497 poet.
1206 4431 1224 4483 b
