3060 4942
677 360 879 415 Victorini

332 558 433 623 oranti
457 557 582 633 similis,
606 557 728 640 palmas
752 557 904 621 tendebat
926 558 958 621 in
982 559 1094 621 altunn.

332 663 526 745 subnixoque
550 682 633 747 genu
656 663 767 727 matris
790 663 942 746 pingebat
965 664 996 727 in
1021 683 1072 727 ore

330 790 393 853 qua
414 770 491 834 licet
514 773 678 852 aspectum
702 788 825 853 corpus,
850 789 912 851 qna
934 770 1027 833 turba
1049 769 1187 833 tenebat.

223 883 258 935 :5
334 879 388 960 qui
411 877 508 943 simul
531 877 711 942 admonitus
735 879 854 941 cratem
878 876 1063 942 conscendit
1085 877 1116 940 in
1141 876 1246 959 ignem

331 984 518 1068 intrepidus,
543 986 688 1065 certaque
712 983 773 1047 fide
797 1002 856 1048 sua
877 983 1018 1047 membra
1040 983 1170 1050 locauit.

332 1095 502 1173 sanctaque
527 1109 607 1172 quae
630 1093 776 1172 superest
799 1090 903 1153 anima
925 1090 1079 1154 inuiolata
1101 1089 1244 1153 recessit.

331 1198 531 1263 conciderant
553 1197 698 1261 flammae
721 1197 829 1279 tepida
849 1201 1030 1261 remanente
1054 1196 1165 1260 fauilla

330 1305 477 1368 illaesum
502 1323 615 1386 corpus
639 1304 737 1368 tellus
761 1303 910 1386 adaperta
932 1304 1061 1387 recepit.

373 1411 416 1474 At
437 1412 539 1473 mater
562 1410 711 1475 dubitans
735 1411 875 1495 gemitus
900 1431 938 1474 an
961 1410 1077 1493 gaudia
1100 1413 1216 1482 sumat,

330 1517 477 1594 haesitat,
501 1520 533 1580 et
556 1518 688 1598 querulo
712 1517 759 1580 sio
782 1520 832 1581 est
856 1535 999 1581 sermone
1022 1516 1149 1579 locuta:

331 1624 406 1705 quid
430 1643 512 1687 nuno
537 1623 601 1688 dire
624 1628 741 1706 paras?
764 1623 862 1688 iussis
886 1642 1034 1707 paremus
1059 1624 1090 1685 et
1114 1639 1223 1685 omnes

330 1749 461 1794 munera
483 1729 540 1794 sed
561 1733 671 1811 partus
695 1734 804 1794 custos
828 1750 866 1794 ne
890 1729 1057 1794 subtrahat
1078 1727 1155 1804 ulla,

331 1834 386 1898 sed
408 1835 485 1898 licet
508 1835 576 1918 ipse
600 1835 682 1900 uelis
706 1855 767 1899 non
792 1855 863 1899 snm
886 1854 1018 1917 passura
1040 1839 1190 1917 tyranne:

242 1946 257 1999 Γ
331 1961 439 2006 omnes
463 1961 535 2005 narn
558 1942 676 2024 pariter
697 1945 827 2025 pereant
851 1942 1019 2007 certamine
1042 1944 1141 2018 tanto,

330 2049 481 2131 temporis
504 2050 572 2132 ipse
595 2050 644 2113 tui
666 2052 771 2113 mutes
794 2048 871 2113 licet
892 2049 1015 2113 honide
1039 2067 1182 2130 poenam,

330 2154 469 2236 duraque
494 2175 572 2237 quae
598 2156 715 2220 sanetis
741 2155 849 2220 eadem
874 2155 1031 2220 sententia
1053 2155 1135 2218 natis

331 2261 387 2325 sed
410 2263 554 2345 grauiora
576 2282 677 2344 paras,
701 2262 729 2326 si
753 2266 828 2326 sunt
850 2262 1005 2346 grauiora,
1030 2260 1152 2336 minari,

332 2368 478 2449 quodque
502 2388 590 2434 meos
614 2369 714 2433 cernis
738 2369 848 2433 uultus
872 2369 998 2434 horrore
1022 2367 1131 2443 teneri,

223 2480 235 2511 Γ
331 2475 485 2558 gauderes
508 2479 595 2558 parte
620 2475 744 2557 quoties
768 2475 909 2539 decernis
932 2475 964 2538 in
988 2475 1060 2538 isto.

376 2583 475 2646 Ardet
498 2585 530 2646 at
552 2583 621 2665 ipse
643 2583 746 2666 magis
768 2582 876 2665 rapida
899 2601 951 2646 rex
974 2581 1118 2646 concitus
1143 2581 1198 2653 ira,

332 2689 530 2771 ootcnmique
553 2692 655 2771 putat,
680 2693 737 2754 neo
761 2691 845 2754 sicut
868 2693 992 2754 caetera
1013 2689 1153 2793 fratrum

331 2799 424 2862 turba
445 2798 526 2862 ferat
548 2817 676 2880 poenas,
700 2803 832 2863 matrem
856 2799 917 2863 hoe
940 2817 1088 2880 quaerere
1113 2798 1210 2862 sentit

332 2904 409 2969 dura
431 2906 463 2968 in
487 2905 617 2968 exitium
640 2909 789 2987 quartum
812 2904 965 2969 adducere
989 2908 1098 2968 natum

245 3015 258 3066 ἵ
331 3030 411 3094 pene
434 3030 530 3075 manu
553 3011 667 3088 uoluit,
690 3012 803 3076 lassati
825 3031 949 3093 nanque
971 3011 1107 3075 ministri

325 3135 383 3181 nec
406 3118 489 3200 regis
512 3117 623 3193 furias,
645 3137 702 3182 nec
725 3137 831 3202 regem
855 3118 935 3182 ferre
959 3118 1118 3183 uolebant.

330 3224 408 3306 proh
432 3224 542 3306 pudor,
567 3223 694 3295 erubuit
716 3225 827 3288 uultus
852 3225 1016 3289 ostendere
1040 3224 1131 3288 matri

232 3443 282 3496 133
301 3442 403 3511 figebat
458 3442 509 3496 135
528 3443 671 3512 ignemque
734 3442 784 3496 150
804 3447 909 3512 partem
946 3445 974 3495 in
993 3444 1073 3496 istam
1135 3443 1186 3496 152
1207 3444 1341 3497 contemni

213 3535 301 3585 cetera
355 3531 407 3585 153
425 3530 477 3583 hoo
496 3548 602 3600 quoque
622 3549 749 3600 quaerere
805 3532 858 3587 154
877 3532 996 3602 duraque
1014 3534 1043 3585 in
1080 3532 1225 3601 producere

231 3672 282 3726 133
300 3673 382 3726 matri
436 3673 488 3725 134
507 3674 570 3742 quia
585 3673 664 3726 turba
721 3675 770 3727 135
785 3674 947 3727 ammonitus
963 3679 1070 3743 gratum
1106 3674 1195 3742 ignis:
1210 3674 1282 3727 iioe
1303 3675 1340 3728 al.

196 3762 246 3814 136
264 3762 408 3831 intrepitus
469 3761 520 3814 138
540 3761 710 3815 considerant
729 3761 838 3815 fauillae
896 3764 946 3816 139
966 3761 1068 3832 Corpus
1088 3763 1203 3815 inlesum
1236 3767 1340 3830 postu.

193 3854 250 3903 139
265 3852 388 3918 sequitur
404 3867 431 3903 n.
453 3850 512 3903 137.
533 3867 583 3920 que
604 3851 681 3920 quae]
702 3868 806 3920 queque
864 3851 913 3904 140
938 3868 1012 3904 sume
1070 3852 1120 3904 142
1143 3868 1267 3920 parem:·
1294 3850 1341 3904 sed

194 3941 246 3992 143
266 3939 313 3993 sed
336 3957 446 3993 munera
483 3942 574 3993 custus
612 3940 696 3992 ullum
719 3940 782 4010 non]
806 3957 840 3994 ne
877 3945 990 4011 tyranne
1082 3942 1133 3995 145
1157 3945 1188 3994 ut
1210 3949 1340 3995 nononis

194 4028 295 4098 pariter
330 4029 401 4081 tanti
458 4030 507 4081 146
527 4029 584 4098 ipse
603 4028 653 4095 tuq
692 4029 776 4082 statui
812 4029 920 4082 horrida
939 4047 1008 4099 pena
1028 4034 1070 4083 est
1129 4030 1181 4082 147
1201 4046 1339 4099 quaeum.

196 4117 247 4170 148
266 4116 323 4186 sed]
343 4118 367 4169 si
402 4118 504 4186 parasti
522 4121 586 4170 sunt
662 4117 713 4170 149
732 4118 832 4170 teneris
906 4119 957 4173 150
976 4119 1100 4188 gauderis
1120 4123 1196 4189 parte
1216 4118 1340 4189 quotiens

196 4206 247 4258 152
265 4205 409 4274 contemni]
429 4205 556 4274 temptari
574 4221 608 4258 ne
665 4207 715 4258 154
734 4195 814 4259 durat
870 4208 919 4260 157
939 4225 986 4277 pro
1010 4207 1111 4277 pudore
1247 4205 1339 4261 uultus

196 4294 310 4357 (lacuna
331 4297 349 4343 6
368 4295 437 4346 titt:
455 4294 486 4344 in
504 4309 588 4359 'creora
610 4294 727 4361 antiquo
746 4311 772 4346 nr
790 4295 897 4361 Noluit)
