2986 4920
229 320 293 383 231)
527 314 716 384 Cypriani
744 313 787 367 ad
816 288 1048 367 senatorem

360 531 414 594 pro
438 530 538 594 poena
560 511 668 593 posuit
695 512 803 586 „sedet
826 514 1050 592 aeternumque
1076 509 1199 575 sedebit

360 617 466 681 infelix
489 618 660 684 Tlresens.“
688 636 812 699 semper
834 620 927 681 nocet
949 617 1028 681 utile
1050 617 1201 700 longum:

359 724 489 806 prandia
511 726 607 807 longa
630 727 753 800 nocent,
776 723 894 787 ieiunia
916 724 1011 806 longa
1033 722 1176 805 fatigant.

359 831 405 894 sic
428 831 561 894 nimium
584 840 693 913 sapere
717 830 852 894 stultum
876 830 959 893 facit.
985 867 1030 875 -—
1057 829 1219 912 „improba
1243 833 1351 896 secta.

358 954 409 999 me
432 937 490 1001 dea
513 937 558 1001 sic
583 937 709 1011 docuit:
739 936 957 1011 ,moderamen
982 937 1135 1001 amabile“
1164 938 1275 1004 dirit.“
1307 972 1356 984 -
1448 971 1449 974 ¹

242 1045 267 1099 ’ἵ
364 1042 419 1107 sed
441 1047 477 1106 tu
501 1062 557 1107 neo
582 1048 701 1107 sectam
723 1043 817 1107 rnodo
841 1062 898 1106 nec
920 1043 1135 1107 moderamina
1158 1062 1261 1108 ouras.
1308 1070 1310 1075 ·

359 1168 447 1213 mens
471 1153 577 1213 autem
601 1149 725 1214 stabilis
748 1151 835 1213 nullo
858 1149 1049 1232 peruertitur
1071 1153 1171 1225 aestu,

357 1255 489 1337 ipsaque
513 1256 700 1338 simplicitas
724 1275 896 1338 numquam
919 1257 1002 1319 mala
1025 1256 1145 1339 cogitat
1166 1257 1243 1320 ulla.

360 1362 431 1425 hinc
456 1362 576 1427 sincera
599 1363 676 1426 tides
700 1366 826 1426 aeterna
849 1361 923 1425 sede
946 1361 1077 1437 fruetur,

359 1471 390 1530 et
413 1468 505 1533 dolus
530 1488 546 1532 6
571 1473 679 1534 contra
700 1470 796 1552 longo
820 1468 1011 1533 cruciabitur
1033 1469 1107 1552 igni.

361 1576 452 1659 elige,
476 1577 552 1659 quid
575 1578 666 1645 uelis.
693 1581 727 1641 ut
750 1578 845 1661 digna
867 1577 991 1659 piacula
1013 1576 1107 1640 uites.

357 1681 402 1745 sic
426 1685 530 1747 tanuen
555 1684 635 1748 banc
658 1685 782 1747 ueniam
806 1688 963 1747 mereatur
986 1683 1129 1747 creditor.
1152 1682 1304 1764 inquam:

355 1791 392 1850 nt
413 1789 485 1852 leuc
509 1789 626 1853 crimen
650 1790 719 1855 erit.
744 1790 771 1853 si
794 1790 875 1854 nolis
899 1808 1028 1854 noscere
1051 1807 1136 1864 uera,

356 1912 416 1957 non
439 1895 510 1958 leue
536 1896 653 1960 crimen
678 1896 746 1960 erit.
772 1897 798 1959 si
823 1897 949 1979 cognita
972 1914 1047 1959 uera
1069 1895 1238 1976 relinquas.

399 2000 460 2065 Sed
483 2005 515 2064 16
538 2006 712 2066 correctum
735 2002 839 2067 forsan
862 2006 985 2065 matura
1005 2003 1150 2066 senectus

359 2107 388 2169 in
412 2107 527 2171 melius
550 2113 679 2172 reuocat
700 2109 849 2172 satiatum
873 2109 1027 2173 erroribus
1050 2107 1140 2180 istis;

357 2216 483 2296 tempus
507 2214 590 2277 enim
613 2217 725 2292 mutat,
749 2216 833 2285 mala
855 2215 970 2298 digerit
993 2214 1097 2278 omnia
1119 2218 1257 2296 tempus.

355 2322 431 2383 tunc
454 2320 561 2403 igitur.
586 2340 658 2384 cum
681 2325 713 2384 te
737 2322 883 2385 consulta
904 2320 1062 2385 reduxerit
1084 2323 1181 2395 aetas,

358 2427 443 2491 disce
467 2428 524 2492 deo
549 2447 673 2492 seruare
697 2427 802 2502 fidem,
825 2447 863 2491 ne
886 2429 966 2493 forte
988 2427 1037 2491 bis
1061 2445 1158 2489 unum

358 2532 497 2596 incurras
520 2534 663 2615 lapsnm;
688 2534 857 2615 quieuere
882 2532 1117 2609 diciturillud:

358 2639 411 2719 qni
434 2639 522 2721 pedis
547 2640 656 2704 offensi
678 2640 814 2723 lapidem
839 2640 939 2704 uitare
962 2639 1100 2703 secundo

355 2745 456 2809 nescit
479 2749 511 2809 et
533 2746 679 2810 incautus
702 2747 817 2811 itemm
840 2745 1001 2810 uerauerit
1024 2748 1121 2820 artus,

354 2851 490 2933 imputet
510 2852 577 2935 ipse
599 2853 660 2916 sibi
683 2872 739 2917 nec
764 2853 889 2918 casibus
912 2853 1049 2935 imputet
1070 2851 1156 2916 ullis.

357 2957 475 3041 corrige
500 2958 651 3022 delictum
674 2959 830 3036 fidamino,
855 2960 974 3043 corrige
997 2962 1147 3026 mentem.

353 3064 478 3128 suffecit
499 3084 628 3147 peecare
652 3067 759 3130 semel.
784 3066 901 3131 desiste
924 3066 1043 3130 uereri:
1202 3146 1204 3149 ι

246 3171 259 3189 '
355 3189 416 3234 non
441 3171 500 3233 err't
520 3171 553 3234 iu
577 3172 679 3254 culpa,
704 3192 797 3253 quem
819 3174 959 3255 paenitet
981 3176 1053 3237 ante
1076 3173 1184 3238 fuisse.

253 3357 287 3411 60
314 3375 384 3428 pena
406 3359 434 3412 P
468 3377 514 3413 co.
544 3361 650 3414 61-85
677 3361 758 3415 1161161
780 3363 808 3417 11
836 3365 933 3417 desunt
959 3366 990 3416 r'o
1012 3365 1068 3417 PF
1155 3364 1189 3417 64
1216 3361 1314 3417 Medea
1335 3363 1364 3418 11

217 3472 344 3526 assecta
364 3475 448 3541 (secta
465 3491 516 3528 rec.
536 3480 618 3542 corr.)
633 3477 661 3531 11
696 3477 878 3532 moderamine
899 3483 924 3545 (6
944 3495 1010 3533 corr.
1031 3496 1080 3533 rec.
1100 3484 1148 3543 nc.)
1163 3480 1191 3534 11
1251 3478 1284 3530 67
1305 3493 1363 3531 uox

216 3561 320 3631 cogitat
340 3579 392 3616 rec.
416 3580 450 3617 m.
474 3567 589 3632 repetito
611 3567 642 3618 in
664 3583 749 3636 rnurp.
767 3568 796 3622 11
886 3568 920 3621 68
944 3568 1018 3638 sede]
1041 3569 1094 3622 fide
1113 3570 1141 3624 11
1164 3586 1231 3625 corr.
1259 3571 1361 3625 Riuio.

216 3648 249 3701 69
269 3648 346 3703 dolus
362 3668 376 3705 e
395 3655 499 3722 contra]
518 3652 612 3706 dolosa
631 3659 724 3708 contra
737 3657 765 3711 R
855 3656 888 3710 70
907 3658 986 3727 uelis]
1005 3659 1091 3712 uelles
1110 3659 1247 3713 1161661116
1266 3660 1360 3730 cupias

214 3738 259 3791 uel
277 3739 356 3808 quale
376 3740 444 3793 uelis
463 3741 560 3796 111616.
644 3743 676 3796 11
696 3743 818 3814 inquam]
836 3744 982 3816 numquam
1001 3747 1105 3801 Hartel
1189 3748 1222 3801 78
1242 3746 1305 3818 (166]
1325 3746 1360 3801 do

215 3827 278 3891 (rec.
299 3826 332 3880 do
353 3832 433 3896 corr.)
448 3829 476 3885 11
549 3830 583 3883 82
602 3831 676 3901 ullis]
694 3832 750 3885 illis
763 3833 791 3886 11
877 3833 912 3887 83
930 3833 1058 3888 fidumine
1073 3835 1183 3898 Ionius,
1203 3852 1242 3889 661
1260 3835 1359 3890 funda-

213 3912 308 3967 mine?
363 3916 397 3968 84
417 3917 517 3971 sufficit
537 3918 568 3985 (n
586 3919 617 3972 in
635 3919 660 3972 fe
680 3936 747 3973 corr.
766 3937 817 3974 rec.
836 3924 884 3990 ro.)
900 3921 928 3975 11
963 3922 1061 3991 uereri]
1080 3924 1180 3977 reuerti
1197 3923 1295 3978 1116111.

303 4087 360 4143 ,d
381 4088 508 4160 Cypriani
528 4108 621 4145 uersus
640 4092 768 4147 aduersus
789 4094 920 4164 quendam
941 4100 1093 4150 senatorem
1111 4097 1205 4167 explic.
1219 4097 1248 4152 11
