2986 4920
504 881 841 996 axonis

156 1237 194 1300 ’1
285 1212 414 1305 interea
436 1235 541 1300 uarios
565 1235 686 1318 agitant
709 1234 783 1297 dum
806 1237 947 1316 tempora
970 1253 1079 1298 cursus
1286 1251 1363 1306 Piera
1382 1253 1416 1306 55

250 1359 264 1409 7
290 1348 321 1404 et
343 1360 426 1406 noua
449 1341 599 1405 succiduo
624 1340 727 1422 surgit
750 1339 787 1402 de
810 1341 947 1421 germine
971 1341 1085 1421 proles

290 1446 455 1528 losepique
481 1446 598 1510 obeunt
621 1445 685 1507 nati
708 1445 873 1526 prolesque
898 1447 1095 1525 sequentum,

252 1569 269 1621 8
294 1553 497 1632 diuersosque
521 1554 617 1616 nouat
640 1552 736 1614 tellus
759 1550 965 1631 Memphitica
987 1568 1086 1632 reges.

133 1661 153 1722 5
291 1656 375 1721 notio
401 1659 514 1719 cuncta
535 1655 617 1737 perit
640 1674 696 1719 nec
716 1658 826 1717 uatum
849 1654 976 1719 nomina
997 1658 1130 1737 prosunt

292 1761 401 1824 eximie
426 1761 540 1824 dilecta
562 1760 659 1841 prius.
685 1759 740 1823 sed
762 1779 890 1822 munere
914 1760 1011 1823 sanct'

252 1884 266 1934 7
291 1866 424 1929 tutantis
446 1866 598 1947 populum
624 1864 741 1929 domini
763 1884 928 1929 numerosa
951 1869 1094 1929 creantur

292 1990 420 2054 corpora
444 1974 475 2034 et
495 1972 637 2034 inmensa
660 1970 828 2033 densentur
850 1971 932 2033 nube
955 1972 1136 2054 phalanges.

293 2096 371 2159 quae
394 2076 563 2139 metuenda
585 2075 646 2138 sibi
668 2078 835 2157 postquam
858 2095 910 2139 rex
932 2077 1015 2152 uidit
1035 2079 1180 2161 Aegypti,

115 2187 157 2248 10
292 2183 409 2246 talibus
434 2183 546 2245 ellatur
569 2182 682 2258 socios,
707 2181 782 2244 dum
804 2185 969 2263 permouet
990 2184 1053 2246 ira:

253 2307 269 2360 o
298 2291 361 2365 „En
384 2289 484 2370 pubes
509 2288 634 2369 captiua
656 2286 743 2368 prius
767 2289 976 2368 contentaque
1000 2289 1066 2353 uict
1091 2339 1097 2354 .

293 2394 428 2476 porrexit
451 2413 544 2475 quem
568 2411 660 2474 parca
681 2411 803 2468 manus,
826 2392 904 2476 (en)
927 2393 1020 2476 longa
1043 2395 1188 2460 cohortes

295 2502 357 2564 iam
380 2500 504 2583 legione
528 2499 590 2562 ciet
613 2501 644 2560 et
668 2499 745 2562 solis
768 2517 829 2562 non
852 2500 955 2560 tumet
979 2499 1083 2578 armis,

294 2606 430 2689 pugnaci
453 2605 570 2668 uirtute
593 2603 686 2685 prior,
706 2604 878 2685 uultusque
901 2604 1039 2668 minaces

120 2715 171 2776 15·
240 2727 272 2780 10
296 2715 328 2774 et
350 2711 492 2775 subiecta
514 2708 604 2792 gerit.
628 2709 712 2790 quid,
738 2708 765 2772 si
787 2727 870 2772 nunc
892 2709 956 2772 tela
979 2711 1116 2791 capessit

293 2817 438 2880 hostibus
462 2819 516 2878 aut
540 2814 639 2879 societ
661 2833 740 2888 sese,
765 2833 827 2895 qua
848 2815 931 2878 mole
956 2814 1053 2878 duelli

295 2925 458 3005 Aegyptus
483 2924 607 2985 uastata
631 2921 722 2985 cadet
745 2922 939 3001 quantasque
962 2921 1067 2985 minas

297 3029 449 3093 sublimes
472 3028 588 3092 facient
611 3028 772 3093 conuulsis
795 3028 960 3091 moenibus
983 3029 1102 3092 urbes?

237 3151 268 3204 11
294 3135 368 3216 quin
392 3135 498 3216 potius
523 3133 600 3196 dura
621 3133 804 3215 frangantur
827 3135 910 3196 sorte
933 3133 1077 3196 laborum

117 3243 159 3305 20
294 3241 513 3321 inmensusque
536 3241 645 3302 leuent
668 3238 857 3302 substructis
880 3236 1018 3302 molibus
1042 3258 1139 3317 arces,

294 3365 333 3409 ne
355 3345 463 3408 redeat
485 3345 595 3408 uacuis
618 3363 690 3426 spes
712 3344 867 3408 libertatis
891 3345 1054 3408 amissae.“

294 3452 371 3515 haec
394 3451 448 3515 ubi
472 3451 565 3527 dicta,
589 3450 675 3515 uiros
700 3451 844 3514 sollertes
869 3451 1010 3531 praeficit
1032 3450 1107 3528 illis,

294 3559 331 3620 ut
353 3576 459 3621 muros
482 3559 645 3637 turresque
670 3558 787 3620 nouent
808 3558 977 3637 portasque
1000 3556 1138 3621 minaces

298 3661 397 3726 conisi
420 3663 506 3725 caelo
530 3662 671 3743 iungant.
696 3661 767 3742 quis
791 3660 916 3724 casibus
941 3662 1004 3724 acti

152 3851 169 3902 2
196 3850 279 3922 prolis
298 3851 325 3903 A
407 3850 524 3919 3prolis
543 3851 569 3902 A
616 3854 771 3918 sequentem
790 3850 817 3902 A
845 3866 912 3903 corr.
932 3869 949 3899 π
1032 3851 1211 3905 41161111ῒί61
1229 3851 1257 3904 A
1284 3883 1390 3937 1-293
1404 3882 1432 3936 Δ

118 3939 135 3992 6
163 3938 273 3992 eximiae
293 3937 392 3991 delicta
410 3938 438 3990 A
456 3953 523 3990 corr.
534 3954 564 4004 p,
584 3937 679 3989 eximia
698 3937 788 3990 deleta
801 3956 819 3988 π
892 3938 907 3990 7
926 3937 1096 3991 innumerosa
1110 3939 1137 3991 A
1156 3955 1258 4008 comp

118 4052 329 4106 8densanturo
403 4051 435 4104 10
464 4051 560 4103 offatm
579 4051 623 4117 (ia
640 4067 724 4119 morq.
744 4020 851 4118 iffatur)
871 4051 898 4103 A
972 4051 1004 4103 12
1023 4067 1116 4104 manus
1135 4051 1218 4122 longa
1231 4054 1258 4106 A

119 4156 151 4193 en
180 4141 281 4209 add.p
309 4140 361 4193 sibi
388 4140 452 4193 edd.
472 4158 490 4190 π
569 4140 601 4192 16
630 4156 714 4208 quau
742 4139 863 4208 quamA
936 4140 969 4192 18
997 4139 1140 4193 faciuntA
1159 4157 1227 4196 corr.
1242 4161 1260 4194 π

118 4226 152 4279 20
171 4227 322 4281 substrictis
336 4228 362 4279 A
381 4244 448 4282 corr.
467 4245 485 4278 π
540 4227 573 4279 22
593 4226 703 4280 solertes
718 4229 745 4279 A

1311 4458 1424 4600 Ι
