2986 4920
650 351 852 405 Victorini

305 547 411 630 cogita
435 566 514 628 quae
539 548 653 630 frigiae,
679 550 711 612 et
735 566 815 628 quae
838 547 969 610 meliora
993 550 1152 629 petantur.

171 664 201 714 ι.
305 673 366 717 non
391 657 423 717 13
448 655 601 718 3311131131
623 654 725 719 133313
750 655 864 718 salacia
886 654 1003 736 Regis:

304 764 336 822 et
359 765 502 824 crescant
524 761 587 824 ista
609 781 692 825 nunc
715 761 748 824 in
772 761 926 826 contraria
949 760 1070 824 uictor:

305 867 435 949 spin'tus
461 868 591 931 extinxit
612 868 767 943 flammas,
793 868 839 932 sic
864 867 975 931 deinde
999 867 1141 941 recessit,

305 975 390 1055 quod
415 974 543 1038 dederat
567 994 680 1057 corpus
704 975 803 1038 tellus
828 975 975 1056 adaperta
997 973 1126 1056 recepit.

307 1085 477 1162 sanctaque
502 1100 582 1162 quae
607 1083 753 1163 superest
776 1082 880 1144 anima
902 1081 1057 1144 inuiolata
1079 1080 1227 1171 recessit.

352 1185 506 1264 Quarmris
529 1188 616 1250 lassa
638 1206 750 1270 pareus
774 1207 830 1270 per
852 1191 901 1251 131
925 1206 982 1251 333
1005 1187 1138 1250 uulnera
1161 1187 1290 1269 Regem

304 1295 444 1374 pertulit,
470 1296 503 1357 at
526 1314 651 1360 summo
675 1295 793 1376 pariter
814 1294 1025 1375 manibusque
1049 1293 1173 1376 supinis

304 1400 361 1463 has
386 1401 499 1464 habuit
521 1420 628 1477 uoces,
653 1406 685 1464 ct
708 1402 785 1464 talia
809 1401 905 1464 uerba
928 1402 1036 1465 locuta
1060 1404 1127 1464 est:

304 1507 357 1586 qui
381 1511 471 1569 tenes
495 1507 661 1589 imperium
687 1507 778 1583 coeli,
802 1511 977 1588 terraeque,
1002 1507 1171 1589 marisque,

303 1612 413 1694 sydera
437 1614 491 1694 qni
515 1613 622 1678 coelis.
648 1614 702 1695 qui
728 1613 783 1678 das
807 1614 956 1677 animalia
978 1613 1081 1687 terris,

306 1720 494 1800 aequoribus
517 1721 632 1802 pisces
657 1724 690 1784 et
712 1721 789 1784 talia
813 1721 867 1802 qui
891 1720 1038 1784 uerbenas
1062 1738 1154 1783 auras

303 1826 342 1888 ad
365 1826 465 1908 prima
488 1846 577 1890 meae
601 1826 733 1909 cupidae
757 1825 873 1890 fiducia
897 1827 1010 1909 surgit,

305 1932 359 2013 qui
383 1933 477 1996 chaos
501 1933 693 2015 implicitum
719 1951 813 1997 33333
836 1933 970 2016 caligine
993 1932 1121 2005 misces,

303 2038 420 2102 diuidis
444 2039 475 2102 in
499 2043 616 2122 partes.
642 2042 674 2102 et
698 2039 753 2103 das
778 2043 966 2121 noctemque
991 2039 1148 2120 diemque,

304 2145 411 2207 lunam
436 2164 508 2208 cnm
532 2145 619 2209 uario
644 2145 722 2221 sole,
748 2148 780 2208 31
803 2145 857 2227 331
880 2148 1024 2228 tempora
1048 2149 1186 2218 seruent,

169 2254 186 2305 τ’
215 2256 227 2306 ῖ
305 2254 398 2314 33313
423 2250 535 2332 dieque
559 2251 650 2314 iubes
674 2252 782 2314 lumen
805 2270 913 2333 parere
936 2271 992 2334 per
1016 2252 1132 2317 orbern.

304 2360 432 2438 etpost
455 2357 533 2420 haec
557 2357 717 2421 hominem
744 2358 835 2421 cuius
860 2357 898 2422 de
923 2358 1043 2422 semine
1065 2357 1205 2421 mundus

304 2463 490 2544 completur,
515 2464 648 2526 mortale
673 2483 773 2546 genus
799 2467 831 2527 31
853 2464 964 2547 lingua
986 2463 1135 2545 liquescit

304 2569 432 2633 dissona
455 2590 510 2653 per
534 2572 655 2652 gentes,
681 2589 774 2652 sapor
796 2574 846 2635 331
868 2573 974 2634 tamen
999 2570 1145 2634 omnibus
1169 2589 1265 2646 unus,

303 2676 358 2739 sed
383 2676 437 2757 qui
460 2677 600 2740 mutauit
621 2677 744 2740 meritis
768 2677 995 2758 hominumque
1018 2677 1172 2757 loquelas,

302 2781 399 2865 longa
421 2784 536 2847 refene
559 2802 648 2848 mora
671 2785 730 2860 est,
755 2783 876 2865 coeptis
899 2783 1046 2846 insistere
1071 2784 1192 2845 certum
1219 2785 1288 2845 est:

303 2891 338 2951 tu
362 2908 447 2952 mare
473 2889 613 2953 diuisum
636 2889 727 2972 uirga
750 2888 883 2953 uoluisti
907 2892 1024 2966 tenere,

301 2996 376 3058 dum
399 2995 478 3077 pede
502 3015 558 3077 per
582 2995 704 3059 siccum
726 2996 864 3078 populus
888 2996 1124 3060 transcenderet
1148 3015 1267 3076 aequor

1220 761 1238 790 14·

202 3221 254 3274 239
274 3221 377 3290 cogita]
393 3220 495 3290 respice
534 3224 561 3273 et
581 3237 661 3289 quarn
721 3220 887 3274 29033313
924 3221 1016 3274 miseri
1035 3221 1143 3274 13113313
1200 3214 1251 3274 291
1273 3223 1320 3276 sed

163 3325 270 3362 crescas
293 3310 345 3379 ipsi
400 3310 453 3363 292
473 3311 606 3362 extinctus
621 3309 736 3362 flammis
788 3309 839 3362 2911
855 3313 897 3362 331
912 3311 1001 3363 animo
1017 3310 1118 3379 pariter
1174 3309 1318 3363 29813333

163 3398 235 3466 regis
309 3399 361 3451 299
381 3398 530 3450 animantia
602 3396 656 3449 300
676 3402 703 3449 31
724 3396 800 3466 talin]
821 3401 932 3450 uentum
970 3396 1096 3450 uerberat
1164 3398 1216 3450 301
1237 3397 1274 3452 ad
1291 3403 1318 3452 te

164 3486 251 3556 prima
269 3488 322 3540 mei
432 3486 483 3540 302
503 3487 617 3539 miscens
727 3485 779 3538 304
802 3486 947 3555 lunamque
972 3489 1000 3539 et
1022 3485 1147 3556 rapidum
1166 3487 1253 3540 solem
1273 3491 1320 3557 qui

165 3576 217 3630 305
239 3575 446 3642 (nocte-orbem)
468 3593 518 3630 one
574 3574 625 3628 307
646 3574 682 3642 31]
703 3578 761 3627 tum
817 3574 866 3627 311
888 3575 1031 3644 uoluisque
1050 3578 1182 3645 tenesque·

200 3754 253 3806 219
268 3757 395 3823 petentur
450 3753 501 3806 290
516 3753 624 3805 fallacia
678 3753 864 3805 ‘291crescunt
919 3753 971 3805 292
982 3753 1117 3822 extinguit
1172 3753 1225 3806 293
1236 3753 1319 3807 dede-

163 3845 219 3895 rat:
240 3843 291 3895 1111.
312 3842 389 3894 derat
407 3842 438 3894 io
456 3858 504 3893 roa
523 3842 560 3894 31.
581 3859 614 3894 m.
640 3841 745 3910 corpus]
767 3841 852 3910 carpis
944 3840 997 3894 294
1021 3844 1094 3895 33313
1118 3858 1170 3911 333
1194 3846 1319 3912 superest

164 3932 217 3987 295
236 3930 288 3999 tot]
310 3948 389 3999 quarn
409 3930 563 3983 uulnerauit
581 3946 627 3983 rex
717 3931 769 3984 296
789 3930 915 4000 protullit
935 3935 963 3983 31
981 3947 1083 3982 summo
1175 3930 1319 3987 austeris

164 4019 216 4072 299
236 4022 306 4071 terre
399 4018 449 4071 301
472 4019 506 4072 ad
524 4019 637 4089 primam
656 4036 731 4072 meae
823 4019 875 4072 302
894 4019 1048 4088 inplicitum
1085 4018 1231 4086 caliginem
1250 4019 1318 4072 isoes

164 4107 215 4159 303
235 4105 341 4160 diuidcs
409 4107 463 4160 304
481 4108 626 4176 lunamque
646 4124 705 4159 cum
725 4107 781 4160 3313
800 4107 929 4176 uarioque
948 4110 1069 4175 ternpore
1139 4106 1319 4176 305nocte1n

163 4199 289 4269 diemque
327 4199 434 4252 orbem:
450 4217 465 4251 3
481 4218 513 4253 en
528 4218 544 4252 3
561 4202 597 4253 nl.
667 4199 718 4252 307
738 4200 879 4269 conpletur
914 4199 1036 4268 liquiscit
1090 4197 1142 4252 308
1160 4198 1318 4252 hominibus

163 4289 215 4341 309
234 4288 368 4357 loquellas
425 4289 477 4342 312
496 4290 625 4358 populum
644 4288 914 4356 transcendensquor
977 4296 980 4301 “
