2986 4920
608 357 858 410 Prooemium.
1225 339 1346 404 XXVII

140 531 342 596 subscribere
367 551 440 595 cnm
462 534 560 608 locos,
586 534 762 615 exquibus
788 553 962 598 consensus
988 532 1134 616 Cypriani
1159 550 1232 595 cum
1255 533 1341 596 LXX

143 639 180 700 et
202 637 283 700 Itala
306 656 402 718 quam
440 639 551 704 dicunt
587 640 732 705 uersione
771 643 941 723 appareret,
982 643 1052 703 tum
1087 639 1142 712 ubi
1175 644 1284 702 auctor
1303 638 1345 701 ab

145 742 277 808 Graecis
300 744 483 827 Latinisque
506 745 648 811 fontibus
672 748 755 812 notis
780 748 969 824 declinaret3
1009 746 1064 810 sed
1103 745 1177 809 cuni
1210 746 1346 808 alterum

144 851 233 913 extra
271 850 500 917 dubitationem
538 857 623 918 esset
636 854 669 935 1),
708 856 842 919 alterurn
872 873 987 936 anceps
1013 855 1045 916 et
1076 852 1246 924 lubricum,
1271 853 1346 916 dum

146 955 286 1020 nondum
311 957 396 1020 edita
418 958 520 1021 multa
543 959 575 1023 in
599 959 801 1025 bibliothecis
836 962 945 1037 latent,
972 960 1049 1024 satis
1086 959 1158 1023 duri
1186 959 1218 1022 in
1248 960 1348 1023 norni-

146 1061 241 1126 nibns
264 1064 398 1146 propriis
423 1065 498 1146 quid
521 1066 731 1131 intercederet
755 1067 837 1132 inter
876 1067 1049 1150 Cyprianea
1074 1069 1106 1129 et
1128 1065 1347 1148 Hieronymia-

145 1188 223 1232 num
248 1188 353 1235 sacrae
376 1172 508 1254 paginae
534 1175 714 1237 contentum
749 1155 936 1258 significare.
967 1176 1101 1237 caueant
1128 1177 1244 1249 tamen,
1279 1172 1346 1252 qui-

145 1295 282 1356 cumque
305 1278 414 1361 legent
435 1278 704 1362 Heptateuchum,
730 1280 885 1362 quidquid
919 1279 1092 1363 Cyprianus
1116 1277 1222 1354 tradit,
1246 1278 1345 1341 Italae

146 1381 327 1447 adscribant
350 1385 473 1461 omnim
498 1403 570 1448 nam
594 1386 705 1450 multis
729 1386 808 1450 locis
833 1389 943 1451 auctor
966 1388 1022 1449 aut
1051 1385 1259 1468 deprauatum
1282 1386 1346 1448 ter-

145 1492 216 1552 tum
239 1490 338 1554 Italae
362 1495 491 1557 secutus
516 1495 566 1557 est
595 1496 650 1556 aut
686 1494 755 1577 ipse
793 1491 951 1577 errauitll.
983 1492 1038 1556 sed
1071 1492 1109 1556 de
1132 1492 1182 1556 his
1211 1490 1345 1573 aliisque

144 1594 250 1671 rebus,
275 1614 355 1677 quae
379 1597 441 1661 huc
474 1598 641 1681 pertinent,
680 1599 924 1683 diligentissime
957 1603 1112 1680 quantum
1149 1599 1255 1680 potnit
1291 1617 1347 1679 per

146 1702 283 1767 editores
307 1704 427 1785 priores
452 1704 583 1769 Carolus
603 1706 724 1769 Becker
744 1707 823 1788 egit:
845 1706 884 1769 ad
899 1706 982 1770 hunc
997 1708 1097 1789 igitur
1116 1708 1148 1769 et
1165 1707 1186 1771 J
1189 1706 1344 1771 ohannem

145 1810 182 1872 ll.
206 1810 243 1874 Β.
268 1810 377 1893 Mayor
400 1812 539 1876 lecturos
563 1812 658 1876 reicio
675 1811 710 1896 3).

237 1913 328 1994 Quae
348 1917 547 1981 adiunximus
572 1919 711 1982 carmina
735 1918 777 1982 de
802 1918 960 1983 Sodoma
986 1922 1098 1999 atque
1132 1919 1223 1981 Iona
1258 1923 1343 1996 post-

144 2040 242 2104 quam
266 2022 320 2086 din
344 2023 510 2101 haesitaui,
549 2044 625 2088 num
659 2025 802 2090 eiusdem
836 2025 982 2108 Cypriani
1016 2028 1132 2100 essent,
1167 2044 1250 2088 nunc
1283 2043 1344 2087 non

144 2147 215 2192 esse
240 2148 375 2210 eumque
399 2131 531 2193 titulum
556 2131 786 2214 Wigbodianae
819 2131 956 2194 familiae
991 2130 1111 2195 auctori
1145 2130 1252 2193 deberi
1288 2149 1344 2212 pro

236 2270 257 2331 ¹)
273 2269 327 2322 uid.
339 2271 420 2323 etiarn
442 2271 561 2341 exempla
582 2272 678 2339 quibus
690 2272 783 2338 Mayor
802 2289 827 2339 p.
842 2269 933 2323 XLIII
948 2286 1006 2340 sqq.
1018 2269 1046 2323 C.
1061 2269 1164 2322 Becker
1182 2287 1208 2332 p.
1229 2269 1263 2321 28
1283 2287 1345 2321 con-

143 2373 252 2409 sensum
263 2356 391 2427 Cypriani
410 2377 469 2412 curn
488 2360 560 2413 Itala
579 2359 734 2428 probarunt.
753 2360 869 2412 maxima
888 2357 1066 2412 similitudine
1085 2361 1166 2426 poeta
1180 2358 1266 2410 utitur
1285 2374 1344 2410 curn

143 2446 361 2516 Wirceburgensi
381 2449 479 2511 codice,
504 2465 584 2515 quem
603 2450 696 2501 Banke
715 2466 768 2500 non
798 2465 855 2501 esse
883 2447 1025 2500 Africanae
1054 2447 1166 2516 originis
1194 2445 1342 2506 contendit,

144 2539 235 2588 contra
258 2535 470 2590 Ottoboniauuni
491 2541 518 2590 ct
536 2538 755 2607 Lugdunensem,
775 2553 861 2603 neque
882 2536 1016 2588 consentit
1042 2553 1100 2588 curn
1129 2535 1296 2588 Tertulliano
1317 2539 1344 2587 et

142 2625 296 2694 Augustino
315 2627 403 2696 magis
422 2644 503 2693 quam
523 2644 582 2679 cum
601 2625 742 2679 Ambrosio
764 2627 791 2678 et
809 2626 981 2693 Hieronymo,
1007 2623 1077 2677 unde
1106 2624 1150 2676 uir
1170 2621 1281 2676 dubiurn
1302 2627 1343 2675 est

142 2713 210 2780 quin
229 2730 335 2766 carmen
353 2714 443 2767 indole
464 2732 512 2767 sua
531 2714 662 2769 Gallicam
683 2715 813 2782 originem
834 2713 929 2782 prodat
951 2714 1063 2780 (Becker
1081 2730 1107 2781 p.
1128 2711 1180 2776 36).

232 2804 252 2870 2)
273 2804 311 2856 sic
330 2820 361 2856 ex
379 2804 448 2856 male
467 2804 606 2857 intellecto
627 2803 727 2858 Graeco
747 2806 823 2855 textu
843 2804 870 2855 in
894 2803 1007 2855 latinam
1027 2802 1178 2854 uersionern
1208 2805 1342 2853 uenerunt

142 2891 165 2944 Ε
183 2891 236 2944 418
254 2891 434 2945 Paulaeum
455 2896 513 2963 (τῆς
533 2891 685 2960 ἐπαύλεως),
705 2893 727 2946 Ε
748 2896 779 2946 Bi
799 2893 947 2946 Btornurn.
969 2909 999 2944 ex
1019 2891 1149 2959 corruptis
1164 2889 1251 2943 Italae
1262 2889 1345 2942 libris·

142 2997 197 3032 non
214 2996 273 3033 raro
291 2982 396 3034 numeri
415 2981 564 3050 deprauati,
584 2985 615 3034 ut
633 2981 674 3036 IN
692 2981 744 3034 585
764 2981 790 3034 N
810 2982 877 3045 129;
897 2980 959 3033 inde
979 2981 1046 3032 alios
1066 2979 1214 3048 permultos
1240 2995 1341 3032 errores

143 3068 250 3122 fluxisse
269 3071 396 3139 suspicor,
417 3074 448 3123 ut
462 3071 485 3124 si
504 3072 518 3124 I
537 3073 571 3123 74
590 3072 625 3140 (1,
645 3071 689 3135 33)
710 3070 940 3123 Bethsanritac
957 3072 984 3121 et
997 3068 1200 3121 Bethanitae
1218 3068 1342 3120 inmunes

143 3157 275 3221 dicuntur,
295 3175 354 3209 curn
373 3158 532 3211 tributarios
552 3158 642 3211 dicant
660 3159 732 3211 LXX
752 3163 780 3211 et
799 3159 925 3227 Vulgata.
954 3158 986 3210 cf.
1016 3157 1098 3209 etiarn
1126 3155 1139 3208 I
1167 3157 1217 3208 ero
1238 3155 1339 3226 (ulnam

143 3261 197 3297 non
216 3246 330 3314 amplius
351 3246 448 3313 unam).
469 3247 558 3299 nescio
579 3264 612 3299 an
631 3249 688 3315 ipse
709 3246 858 3316 Cyprianus
878 3247 1008 3300 errauisse
1033 3244 1180 3297 credendus
1210 3245 1253 3308 sit,
1283 3261 1342 3297 curn

144 3333 282 3386 Sethunr
311 3335 368 3386 Noe
397 3335 482 3387 filiurn
507 3339 597 3388 narret
624 3354 672 3405 pro
702 3337 794 3389 Semo
824 3335 925 3390 G225.
945 3331 1032 3387 inulta
1052 3335 1160 3386 nornine
1179 3335 1237 3386 sine
1258 3333 1339 3386 dubio

143 3423 234 3475 uersui
263 3424 479 3477 adcornrnodauit
506 3428 587 3494 poeta
616 3429 646 3477 nt
673 3425 925 3489 Donibezelum,
947 3424 1042 3478 Thali
1063 3422 1226 3491 (Esthaol)
1248 3423 1342 3482 1537,

144 3513 321 3568 Thamnum
347 3512 558 3581 thanrnata),
587 3512 791 3565 Ernadnrnm
820 3512 1075 3583 (Phenaeddor);
1104 3511 1157 3564 alia
1186 3510 1343 3580 Cyprianeis

143 3600 219 3654 libris
239 3605 303 3654 sunt
320 3601 471 3664 tribuenda,
492 3604 523 3654 ut
542 3603 564 3654 si
588 3603 698 3654 nomina
716 3602 744 3654 in
763 3602 850 3655 initiis
878 3619 1002 3655 uersuum
1033 3601 1123 3670 posita
1151 3601 1236 3669 prinra
1252 3601 1344 3652 littera

143 3690 306 3759 spoliantnr;
335 3691 372 3743 sic
401 3691 546 3744 Aredina
575 3709 621 3760 pro
642 3691 810 3755 Zaredina,
832 3691 994 3744 Cccodnrn
1015 3707 1062 3759 pro
1084 3689 1275 3752 Soccodurn,
1295 3694 1344 3741 aut

143 3780 256 3832 mutatis
274 3779 438 3832 initialibus:
459 3780 573 3832 lanera
592 3798 639 3849 pro
661 3781 786 3844 Seuera,
807 3780 959 3833 Tabulon
978 3796 1025 3848 pro
1042 3778 1199 3842 Zabulon,
1214 3779 1342 3831 lasuris

144 3884 191 3937 pro
211 3871 243 3921 et
262 3868 388 3932 risoris,
408 3868 529 3922 Habali
549 3887 596 3938 pro
624 3869 754 3923 Nabali.
783 3874 886 3927 utrum,
903 3856 1035 3939 Cypriane
1056 3887 1090 3921 an
1118 3868 1195 3921 libris
1222 3868 1340 3920 dandum

144 3957 190 4020 sit,
205 3957 251 4010 ubi
270 3958 292 4010 0
310 3963 337 4009 et
354 3958 387 4020 G,
407 3958 428 4010 J
446 3966 474 4010 et
493 3959 529 4021 D,
554 3959 579 4010 Τ
592 3962 619 4011 et
643 3958 703 4022 ΤΗ,
725 3959 758 4011 Ν
769 3963 797 4012 et
811 3960 845 4011 M
860 3961 1064 4019 commutantur,
1076 3974 1129 4009 non
1141 3960 1211 4008 certo
1223 3959 1342 4020 constat3

143 4046 229 4100 multa
248 4051 340 4100 tamen
359 4047 386 4099 id
407 4064 492 4116 genus
512 4065 581 4114 quac
601 4049 704 4101 intacta
721 4049 828 4117 reliqui,
848 4047 961 4100 maxime
977 4045 1059 4098 dubia
1081 4044 1216 4098 uidentur.
1236 4045 1342 4113 aliquo-

143 4136 215 4188 tiens
236 4136 445 4206 Cyprianeorum
473 4136 602 4190 librorum
633 4141 756 4206 corrupta
779 4137 860 4189 lectio
881 4135 1016 4189 emendari
1043 4138 1134 4204 potest
1164 4150 1194 4185 er
1213 4132 1292 4188 Itala.
1312 4139 1343 4186 ut

144 4225 168 4278 C
187 4226 239 4279 833
258 4225 360 4279 hordea
380 4225 438 4293 (ubi
457 4226 610 4279 conferatur
628 4226 796 4292 Martenius').

235 4315 256 4381 ³}
276 4315 304 4369 C.
323 4315 429 4368 Becker
448 4315 511 4368 diss.
531 4333 557 4384 p.
573 4315 686 4377 27-36,
706 4315 800 4383 Mayor
813 4314 860 4366 the
875 4314 944 4366 latin
954 4310 1125 4381 Heptateuch
1141 4327 1168 4378 p.
1182 4310 1274 4364 XLIII
1283 4328 1343 4378 sqq.
