<?xml version="1.0" encoding="UTF-8"?>
<!DOCTYPE html PUBLIC "-//W3C//DTD XHTML 1.0 Transitional//EN"
    "http://www.w3.org/TR/xhtml1/DTD/xhtml1-transitional.dtd">
<html xmlns="http://www.w3.org/1999/xhtml" xml:lang="en" lang="en">
 <head>
  <title>
</title>
<meta http-equiv="Content-Type" content="text/html;charset=utf-8" />
  <meta name='ocr-system' content='tesseract 3.04.00' />
  <meta name='ocr-capabilities' content='ocr_page ocr_carea ocr_par ocr_line ocrx_word'/>
</head>
<body>
  <div class='ocr_page' id='page_1' title='image "./cyprianigallipo00hilagoog/cyprianigallipo00hilagoog_0309.png"; bbox 0 0 2986 4920; ppageno 0'>
   <div class='ocr_carea' id='block_1_1' title="bbox 652 376 856 428">
    <p class='ocr_par' dir='ltr' id='par_1_1' title="bbox 652 376 856 428">
     <span class='ocr_line' id='line_1_1' title="bbox 652 376 856 428; baseline 0.01 -2"><span class='ocrx_word' id='word_1_1' title='bbox 652 376 856 428; x_wconf 81' lang='lat' dir='ltr'>l&#39;ietorini</span> 
     </span>
    </p>
   </div>
   <div class='ocr_carea' id='block_1_2' title="bbox 206 568 1336 3522">
    <p class='ocr_par' dir='ltr' id='par_1_2' title="bbox 308 568 1173 1182">
     <span class='ocr_line' id='line_1_2' title="bbox 308 568 1097 654; baseline 0.001 -19"><span class='ocrx_word' id='word_1_2' title='bbox 308 590 427 653; x_wconf 88' lang='lat' dir='ltr'>poenae</span> <span class='ocrx_word' id='word_1_3' title='bbox 451 571 514 634; x_wconf 88' lang='lat' dir='ltr'>tale</span> <span class='ocrx_word' id='word_1_4' title='bbox 538 589 638 654; x_wconf 86' lang='lat' dir='ltr'>genus</span> <span class='ocrx_word' id='word_1_5' title='bbox 662 570 766 634; x_wconf 88' lang='lat' dir='ltr'>simile</span> <span class='ocrx_word' id='word_1_6' title='bbox 790 568 971 652; x_wconf 88' lang='lat' dir='ltr'>peruincere</span> <span class='ocrx_word' id='word_1_7' title='bbox 995 573 1097 636; x_wconf 76' lang='lat' dir='ltr'>natos</span> 
     </span>
     <span class='ocr_line' id='line_1_3' title="bbox 311 676 1168 760; baseline -0.005 -18"><span class='ocrx_word' id='word_1_8' title='bbox 311 681 423 760; x_wconf 83' lang='lat' dir='ltr'>coepta</span> <span class='ocrx_word' id='word_1_9' title='bbox 445 677 535 741; x_wconf 90' lang='lat' dir='ltr'>iubet</span> <span class='ocrx_word' id='word_1_10' title='bbox 557 677 675 759; x_wconf 80' lang='lat' dir='ltr'>peragi.</span> <span class='ocrx_word' id='word_1_11' title='bbox 700 679 801 740; x_wconf 86' lang='lat' dir='ltr'>mater</span> <span class='ocrx_word' id='word_1_12' title='bbox 823 695 884 740; x_wconf 92' lang='lat' dir='ltr'>non</span> <span class='ocrx_word' id='word_1_13' title='bbox 908 676 1018 740; x_wconf 87' lang='lat' dir='ltr'>territa</span> <span class='ocrx_word' id='word_1_14' title='bbox 1040 677 1168 741; x_wconf 89' lang='lat' dir='ltr'>mansit.</span> 
     </span>
     <span class='ocr_line' id='line_1_4' title="bbox 310 782 1173 864; baseline 0 -17"><span class='ocrx_word' id='word_1_15' title='bbox 310 783 366 847; x_wconf 86' lang='lat' dir='ltr'>sed</span> <span class='ocrx_word' id='word_1_16' title='bbox 390 787 495 847; x_wconf 90' lang='lat' dir='ltr'>tamen</span> <span class='ocrx_word' id='word_1_17' title='bbox 519 786 556 847; x_wconf 87' lang='lat' dir='ltr'>ut</span> <span class='ocrx_word' id='word_1_18' title='bbox 578 782 661 846; x_wconf 88' lang='lat' dir='ltr'>uidit</span> <span class='ocrx_word' id='word_1_19' title='bbox 683 783 856 864; x_wconf 86' lang='lat' dir='ltr'>pallentem</span> <span class='ocrx_word' id='word_1_20' title='bbox 881 783 1029 847; x_wconf 78' lang='lat' dir='ltr'>assistere</span> <span class='ocrx_word' id='word_1_21' title='bbox 1053 786 1173 847; x_wconf 87' lang='lat' dir='ltr'>natum.</span> 
     </span>
     <span class='ocr_line' id='line_1_5' title="bbox 311 887 1170 969; baseline -0.002 -18"><span class='ocrx_word' id='word_1_22' title='bbox 311 888 388 951; x_wconf 89' lang='lat' dir='ltr'>haee</span> <span class='ocrx_word' id='word_1_23' title='bbox 413 907 522 952; x_wconf 89' lang='lat' dir='ltr'>secum</span> <span class='ocrx_word' id='word_1_24' title='bbox 547 889 692 951; x_wconf 89' lang='lat' dir='ltr'>uoluens.</span> <span class='ocrx_word' id='word_1_25' title='bbox 718 887 909 968; x_wconf 77' lang='lat' dir='ltr'>aliqualem</span> <span class='ocrx_word' id='word_1_26' title='bbox 932 890 1020 969; x_wconf 89' lang='lat' dir='ltr'>parte</span> <span class='ocrx_word' id='word_1_27' title='bbox 1044 888 1170 950; x_wconf 87' lang='lat' dir='ltr'>leuata:</span> 
     </span>
     <span class='ocr_line' id='line_1_6' title="bbox 310 993 1109 1078; baseline 0.001 -21"><span class='ocrx_word' id='word_1_28' title='bbox 310 1014 381 1059; x_wconf 83' lang='lat' dir='ltr'>ecce</span> <span class='ocrx_word' id='word_1_29' title='bbox 406 995 545 1059; x_wconf 86' lang='lat' dir='ltr'>secunda</span> <span class='ocrx_word' id='word_1_30' title='bbox 568 994 646 1057; x_wconf 83' lang='lat' dir='ltr'>milri</span> <span class='ocrx_word' id='word_1_31' title='bbox 669 997 779 1078; x_wconf 89' lang='lat' dir='ltr'>partus</span> <span class='ocrx_word' id='word_1_32' title='bbox 803 993 988 1076; x_wconf 81' lang='lat' dir='ltr'><strong>producitur</strong></span> <span class='ocrx_word' id='word_1_33' title='bbox 1011 997 1109 1058; x_wconf 76' lang='lat' dir='ltr'>aetas</span> 
     </span>
     <span class='ocr_line' id='line_1_7' title="bbox 312 1100 1082 1182; baseline -0.004 -18"><span class='ocrx_word' id='word_1_34' title='bbox 312 1121 406 1182; x_wconf 82' lang='lat' dir='ltr'>quam</span> <span class='ocrx_word' id='word_1_35' title='bbox 431 1100 545 1164; x_wconf 87' lang='lat' dir='ltr'>similis</span> <span class='ocrx_word' id='word_1_36' title='bbox 569 1101 657 1164; x_wconf 87' lang='lat' dir='ltr'>fratri</span> <span class='ocrx_word' id='word_1_37' title='bbox 681 1101 819 1166; x_wconf 85' lang='lat' dir='ltr'>formoso</span> <span class='ocrx_word' id='word_1_38' title='bbox 843 1104 981 1182; x_wconf 79' lang='lat' dir='ltr'>pectore.</span> <span class='ocrx_word' id='word_1_39' title='bbox 1005 1101 1082 1163; x_wconf 87' lang='lat' dir='ltr'>dura</span> 
     </span>
    </p>

    <p class='ocr_par' dir='ltr' id='par_1_3' title="bbox 312 1207 1036 1291">
     <span class='ocr_line' id='line_1_8' title="bbox 312 1207 1036 1291; baseline -0.003 -20"><span class='ocrx_word' id='word_1_40' title='bbox 312 1208 339 1271; x_wconf 91' lang='lat' dir='ltr'>si</span> <span class='ocrx_word' id='word_1_41' title='bbox 364 1208 505 1288; x_wconf 88' lang='lat' dir='ltr'>sequeris</span> <span class='ocrx_word' id='word_1_42' title='bbox 528 1208 620 1289; x_wconf 88' lang='lat' dir='ltr'>primi</span> <span class='ocrx_word' id='word_1_43' title='bbox 644 1211 753 1290; x_wconf 88' lang='lat' dir='ltr'>partus</span> <span class='ocrx_word' id='word_1_44' title='bbox 777 1208 914 1291; x_wconf 85' lang='lat' dir='ltr'>uestigio</span> <span class='ocrx_word' id='word_1_45' title='bbox 936 1207 1036 1271; x_wconf 85' lang='lat' dir='ltr'>nostri</span> 
     </span>
    </p>

    <p class='ocr_par' dir='ltr' id='par_1_4' title="bbox 313 1314 1115 1396">
     <span class='ocr_line' id='line_1_9' title="bbox 313 1314 1115 1396; baseline -0.001 -18"><span class='ocrx_word' id='word_1_46' title='bbox 313 1333 383 1378; x_wconf 91' lang='lat' dir='ltr'>esse</span> <span class='ocrx_word' id='word_1_47' title='bbox 407 1333 499 1377; x_wconf 90' lang='lat' dir='ltr'>meus</span> <span class='ocrx_word' id='word_1_48' title='bbox 522 1314 652 1396; x_wconf 85' lang='lat' dir='ltr'>poteris.</span> <span class='ocrx_word' id='word_1_49' title='bbox 677 1317 709 1376; x_wconf 93' lang='lat' dir='ltr'>et</span> <span class='ocrx_word' id='word_1_50' title='bbox 732 1314 777 1378; x_wconf 90' lang='lat' dir='ltr'>sic</span> <span class='ocrx_word' id='word_1_51' title='bbox 801 1332 942 1396; x_wconf 88' lang='lat' dir='ltr'>reparare</span> <span class='ocrx_word' id='word_1_52' title='bbox 967 1314 1115 1377; x_wconf 86' lang='lat' dir='ltr'>salutem.</span> 
     </span>
    </p>

    <p class='ocr_par' dir='ltr' id='par_1_5' title="bbox 224 1420 1336 1929">
     <span class='ocr_line' id='line_1_10' title="bbox 224 1420 1233 1502; baseline 0 -17"><span class='ocrx_word' id='word_1_53' title='bbox 224 1427 238 1485; x_wconf 76' lang='grc' dir='ltr'><strong><em>ῑ</em></strong></span> <span class='ocrx_word' id='word_1_54' title='bbox 315 1440 408 1502; x_wconf 60' lang='lat' dir='ltr'>(priam</span> <span class='ocrx_word' id='word_1_55' title='bbox 433 1421 495 1483; x_wconf 91' lang='lat' dir='ltr'>iam</span> <span class='ocrx_word' id='word_1_56' title='bbox 519 1421 614 1484; x_wconf 82' lang='lat' dir='ltr'>frater</span> <span class='ocrx_word' id='word_1_57' title='bbox 637 1420 742 1485; x_wconf 87' lang='lat' dir='ltr'>habet.</span> <span class='ocrx_word' id='word_1_58' title='bbox 766 1420 877 1484; x_wconf 88' lang='lat' dir='ltr'>matris</span> <span class='ocrx_word' id='word_1_59' title='bbox 899 1423 1066 1502; x_wconf 86' lang='lat' dir='ltr'>praccepta</span> <span class='ocrx_word' id='word_1_60' title='bbox 1091 1423 1233 1485; x_wconf 84' lang='lat' dir='ltr'>secutus.</span> 
     </span>
     <span class='ocr_line' id='line_1_11' title="bbox 312 1525 1201 1610; baseline 0 -19"><span class='ocrx_word' id='word_1_61' title='bbox 312 1548 392 1610; x_wconf 90' lang='lat' dir='ltr'>pone</span> <span class='ocrx_word' id='word_1_62' title='bbox 416 1531 533 1591; x_wconf 77' lang='lat' dir='ltr'>metus,</span> <span class='ocrx_word' id='word_1_63' title='bbox 559 1527 717 1610; x_wconf 88' lang='lat' dir='ltr'>Regisque</span> <span class='ocrx_word' id='word_1_64' title='bbox 741 1527 843 1590; x_wconf 92' lang='lat' dir='ltr'>minas</span> <span class='ocrx_word' id='word_1_65' title='bbox 866 1529 1033 1590; x_wconf 77' lang='lat' dir='ltr'>contemne</span> <span class='ocrx_word' id='word_1_66' title='bbox 1056 1525 1201 1592; x_wconf 77' lang='lat' dir='ltr'>furentis</span> 
     </span>
     <span class='ocr_line' id='line_1_12' title="bbox 312 1632 1336 1717; baseline -0.003 -20"><span class='ocrx_word' id='word_1_67' title='bbox 312 1653 470 1717; x_wconf 86' lang='lat' dir='ltr'>regnaque</span> <span class='ocrx_word' id='word_1_68' title='bbox 495 1652 638 1714; x_wconf 87' lang='lat' dir='ltr'>quaeque</span> <span class='ocrx_word' id='word_1_69' title='bbox 661 1632 794 1715; x_wconf 87' lang='lat' dir='ltr'>paruula</span> <span class='ocrx_word' id='word_1_70' title='bbox 817 1633 966 1696; x_wconf 79' lang='lat' dir='ltr'>habentia</span> <span class='ocrx_word' id='word_1_71' title='bbox 987 1635 1131 1714; x_wconf 84' lang='lat' dir='ltr'>tempora</span> <span class='ocrx_word' id='word_1_72' title='bbox 1154 1632 1281 1697; x_wconf 82' lang='lat' dir='ltr'>dantur.</span> <span class='ocrx_word' id='word_1_73' title='bbox 1318 1633 1336 1662; x_wconf 60' lang='lat'>⁴*</span> 
     </span>
     <span class='ocr_line' id='line_1_13' title="bbox 314 1727 1098 1824; baseline -0.005 -20"><span class='ocrx_word' id='word_1_74' title='bbox 314 1760 375 1804; x_wconf 87' lang='lat' dir='ltr'>non</span> <span class='ocrx_word' id='word_1_75' title='bbox 398 1741 515 1824; x_wconf 85' lang='lat' dir='ltr'>poterit</span> <span class='ocrx_word' id='word_1_76' title='bbox 537 1743 611 1822; x_wconf 89' lang='lat' dir='ltr'>post</span> <span class='ocrx_word' id='word_1_77' title='bbox 634 1742 696 1802; x_wconf 90' lang='lat' dir='ltr'>ista</span> <span class='ocrx_word' id='word_1_78' title='bbox 720 1739 780 1802; x_wconf 87' lang='lat' dir='ltr'>tibi</span> <span class='ocrx_word' id='word_1_79' title='bbox 802 1739 953 1802; x_wconf 56' lang='lat' dir='ltr'>Rex‘iste</span> <span class='ocrx_word' id='word_1_80' title='bbox 976 1727 1098 1803; x_wconf 85' lang='lat' dir='ltr'>nocere.</span> 
     </span>
     <span class='ocr_line' id='line_1_14' title="bbox 315 1845 1103 1929; baseline -0.003 -19"><span class='ocrx_word' id='word_1_81' title='bbox 315 1848 468 1929; x_wconf 87' lang='lat' dir='ltr'>temporis</span> <span class='ocrx_word' id='word_1_82' title='bbox 493 1864 565 1909; x_wconf 89' lang='lat' dir='ltr'>ecce</span> <span class='ocrx_word' id='word_1_83' title='bbox 589 1845 671 1909; x_wconf 90' lang='lat' dir='ltr'>leuis</span> <span class='ocrx_word' id='word_1_84' title='bbox 696 1864 848 1909; x_wconf 85' lang='lat' dir='ltr'>accensus</span> <span class='ocrx_word' id='word_1_85' title='bbox 873 1845 998 1928; x_wconf 87' lang='lat' dir='ltr'>cogitur</span> <span class='ocrx_word' id='word_1_86' title='bbox 1019 1845 1103 1928; x_wconf 90' lang='lat' dir='ltr'>ignis</span> 
     </span>
    </p>

    <p class='ocr_par' dir='ltr' id='par_1_6' title="bbox 206 1951 1187 2460">
     <span class='ocr_line' id='line_1_15' title="bbox 206 1951 1152 2034; baseline 0.001 -18"><span class='ocrx_word' id='word_1_87' title='bbox 206 2002 211 2016; x_wconf 91' lang='lat'>.</span> <span class='ocrx_word' id='word_1_88' title='bbox 316 1953 445 2016; x_wconf 89' lang='lat' dir='ltr'>uirtutis</span> <span class='ocrx_word' id='word_1_89' title='bbox 467 1953 557 2016; x_wconf 88' lang='lat' dir='ltr'>locus</span> <span class='ocrx_word' id='word_1_90' title='bbox 582 1955 640 2016; x_wconf 90' lang='lat' dir='ltr'>est.</span> <span class='ocrx_word' id='word_1_91' title='bbox 665 1952 868 2033; x_wconf 87' lang='lat' dir='ltr'>languentem</span> <span class='ocrx_word' id='word_1_92' title='bbox 890 1970 971 2034; x_wconf 90' lang='lat' dir='ltr'>pone</span> <span class='ocrx_word' id='word_1_93' title='bbox 994 1951 1152 2017; x_wconf 82' lang='lat' dir='ltr'>timorem.</span> 
     </span>
     <span class='ocr_line' id='line_1_16' title="bbox 313 2058 1164 2141; baseline 0.001 -18"><span class='ocrx_word' id='word_1_94' title='bbox 313 2079 402 2124; x_wconf 90' lang='lat' dir='ltr'>sume</span> <span class='ocrx_word' id='word_1_95' title='bbox 427 2078 530 2123; x_wconf 88' lang='lat' dir='ltr'>mores</span> <span class='ocrx_word' id='word_1_96' title='bbox 554 2058 653 2122; x_wconf 89' lang='lat' dir='ltr'>nostri</span> <span class='ocrx_word' id='word_1_97' title='bbox 677 2058 801 2141; x_wconf 87' lang='lat' dir='ltr'>generis</span> <span class='ocrx_word' id='word_1_98' title='bbox 825 2058 853 2122; x_wconf 92' lang='lat' dir='ltr'>si</span> <span class='ocrx_word' id='word_1_99' title='bbox 876 2077 988 2122; x_wconf 91' lang='lat' dir='ltr'>sensus</span> <span class='ocrx_word' id='word_1_100' title='bbox 1012 2059 1164 2125; x_wconf 82' lang='lat' dir='ltr'>inhaeret.</span> 
     </span>
     <span class='ocr_line' id='line_1_17' title="bbox 313 2165 1187 2248; baseline 0.002 -19"><span class='ocrx_word' id='word_1_101' title='bbox 313 2167 365 2229; x_wconf 89' lang='lat' dir='ltr'>hic</span> <span class='ocrx_word' id='word_1_102' title='bbox 390 2166 444 2248; x_wconf 88' lang='lat' dir='ltr'>qni</span> <span class='ocrx_word' id='word_1_103' title='bbox 468 2169 589 2248; x_wconf 85' lang='lat' dir='ltr'>sceptra</span> <span class='ocrx_word' id='word_1_104' title='bbox 614 2167 711 2229; x_wconf 85' lang='lat' dir='ltr'>tenet.</span> <span class='ocrx_word' id='word_1_105' title='bbox 735 2184 830 2247; x_wconf 89' lang='lat' dir='ltr'>regno</span> <span class='ocrx_word' id='word_1_106' title='bbox 855 2165 909 2245; x_wconf 87' lang='lat' dir='ltr'>qui</span> <span class='ocrx_word' id='word_1_107' title='bbox 933 2166 1036 2229; x_wconf 90' lang='lat' dir='ltr'>saeuit</span> <span class='ocrx_word' id='word_1_108' title='bbox 1057 2165 1089 2228; x_wconf 93' lang='lat' dir='ltr'>in</span> <span class='ocrx_word' id='word_1_109' title='bbox 1113 2166 1187 2232; x_wconf 89' lang='lat' dir='ltr'>isto.</span> 
     </span>
     <span class='ocr_line' id='line_1_18' title="bbox 312 2272 1170 2355; baseline 0 -19"><span class='ocrx_word' id='word_1_110' title='bbox 312 2278 439 2355; x_wconf 91' lang='lat' dir='ltr'>tempus</span> <span class='ocrx_word' id='word_1_111' title='bbox 463 2273 553 2336; x_wconf 89' lang='lat' dir='ltr'>inane</span> <span class='ocrx_word' id='word_1_112' title='bbox 578 2272 674 2354; x_wconf 72' lang='lat' dir='ltr'>cogit,</span> <span class='ocrx_word' id='word_1_113' title='bbox 697 2291 829 2353; x_wconf 83' lang='lat' dir='ltr'>regnum</span> <span class='ocrx_word' id='word_1_114' title='bbox 852 2272 1016 2354; x_wconf 85' lang='lat' dir='ltr'>uitamque</span> <span class='ocrx_word' id='word_1_115' title='bbox 1039 2273 1170 2343; x_wconf 82' lang='lat' dir='ltr'>creauit.</span> 
     </span>
     <span class='ocr_line' id='line_1_19' title="bbox 314 2377 1088 2460; baseline 0.004 -18"><span class='ocrx_word' id='word_1_116' title='bbox 314 2378 515 2459; x_wconf 83' lang='lat' dir='ltr'>damnarique</span> <span class='ocrx_word' id='word_1_117' title='bbox 539 2396 656 2441; x_wconf 89' lang='lat' dir='ltr'>nocens</span> <span class='ocrx_word' id='word_1_118' title='bbox 680 2380 823 2441; x_wconf 85' lang='lat' dir='ltr'>aeternos</span> <span class='ocrx_word' id='word_1_119' title='bbox 848 2377 965 2441; x_wconf 88' lang='lat' dir='ltr'>sentiet</span> <span class='ocrx_word' id='word_1_120' title='bbox 987 2377 1088 2460; x_wconf 82' lang='lat' dir='ltr'>ignes.</span> 
     </span>
    </p>

    <p class='ocr_par' dir='ltr' id='par_1_7' title="bbox 209 2482 1248 3522">
     <span class='ocr_line' id='line_1_20' title="bbox 209 2482 1076 2566; baseline -0.002 -18"><span class='ocrx_word' id='word_1_121' title='bbox 209 2491 245 2548; x_wconf 81' lang='lat'>.&#39;</span> <span class='ocrx_word' id='word_1_122' title='bbox 318 2490 353 2550; x_wconf 90' lang='lat' dir='ltr'>tu</span> <span class='ocrx_word' id='word_1_123' title='bbox 379 2504 509 2550; x_wconf 86' lang='lat' dir='ltr'>securus</span> <span class='ocrx_word' id='word_1_124' title='bbox 535 2484 606 2547; x_wconf 87' lang='lat' dir='ltr'>eris.</span> <span class='ocrx_word' id='word_1_125' title='bbox 630 2483 723 2546; x_wconf 88' lang='lat' dir='ltr'>turba</span> <span class='ocrx_word' id='word_1_126' title='bbox 748 2482 918 2546; x_wconf 82' lang='lat' dir='ltr'>comitante</span> <span class='ocrx_word' id='word_1_127' title='bbox 942 2483 1076 2566; x_wconf 90' lang='lat' dir='ltr'>piorum.</span> 
     </span>
     <span class='ocr_line' id='line_1_21' title="bbox 313 2589 1133 2674; baseline 0 -18"><span class='ocrx_word' id='word_1_128' title='bbox 313 2592 419 2674; x_wconf 78' lang='lat' dir='ltr'>accipe</span> <span class='ocrx_word' id='word_1_129' title='bbox 443 2594 514 2654; x_wconf 88' lang='lat' dir='ltr'>nate</span> <span class='ocrx_word' id='word_1_130' title='bbox 539 2609 625 2653; x_wconf 85' lang='lat' dir='ltr'>meos</span> <span class='ocrx_word' id='word_1_131' title='bbox 650 2589 773 2664; x_wconf 78' lang='lat' dir='ltr'>uultus,</span> <span class='ocrx_word' id='word_1_132' title='bbox 798 2592 830 2652; x_wconf 89' lang='lat' dir='ltr'>ct</span> <span class='ocrx_word' id='word_1_133' title='bbox 852 2589 973 2672; x_wconf 89' lang='lat' dir='ltr'>respice</span> <span class='ocrx_word' id='word_1_134' title='bbox 997 2590 1133 2656; x_wconf 85' lang='lat' dir='ltr'>coelum.</span> 
     </span>
     <span class='ocr_line' id='line_1_22' title="bbox 314 2694 1152 2777; baseline -0.001 -17"><span class='ocrx_word' id='word_1_135' title='bbox 314 2701 518 2776; x_wconf 88' lang='lat' dir='ltr'>autoremque</span> <span class='ocrx_word' id='word_1_136' title='bbox 542 2694 636 2757; x_wconf 89' lang='lat' dir='ltr'>deum</span> <span class='ocrx_word' id='word_1_137' title='bbox 659 2714 714 2776; x_wconf 90' lang='lat' dir='ltr'>per</span> <span class='ocrx_word' id='word_1_138' title='bbox 738 2713 831 2775; x_wconf 88' lang='lat' dir='ltr'>quem</span> <span class='ocrx_word' id='word_1_139' title='bbox 855 2694 912 2758; x_wconf 84' lang='lat' dir='ltr'>tibi</span> <span class='ocrx_word' id='word_1_140' title='bbox 935 2695 1003 2757; x_wconf 89' lang='lat' dir='ltr'>uita</span> <span class='ocrx_word' id='word_1_141' title='bbox 1025 2700 1152 2777; x_wconf 85' lang='lat' dir='ltr'>paratur</span> 
     </span>
     <span class='ocr_line' id='line_1_23' title="bbox 313 2800 1057 2884; baseline -0.005 -17"><span class='ocrx_word' id='word_1_142' title='bbox 313 2804 370 2867; x_wconf 87' lang='lat' dir='ltr'>hac</span> <span class='ocrx_word' id='word_1_143' title='bbox 395 2802 515 2866; x_wconf 87' lang='lat' dir='ltr'>melior.</span> <span class='ocrx_word' id='word_1_144' title='bbox 539 2800 706 2881; x_wconf 80' lang='lat' dir='ltr'>fratrisque</span> <span class='ocrx_word' id='word_1_145' title='bbox 729 2800 776 2863; x_wconf 86' lang='lat' dir='ltr'>tui</span> <span class='ocrx_word' id='word_1_146' title='bbox 801 2800 939 2884; x_wconf 88' lang='lat' dir='ltr'>uestigia</span> <span class='ocrx_word' id='word_1_147' title='bbox 962 2802 1057 2865; x_wconf 89' lang='lat' dir='ltr'>calca.</span> 
     </span>
     <span class='ocr_line' id='line_1_24' title="bbox 314 2907 1248 2991; baseline -0.005 -16"><span class='ocrx_word' id='word_1_148' title='bbox 314 2931 375 2976; x_wconf 92' lang='lat' dir='ltr'>non</span> <span class='ocrx_word' id='word_1_149' title='bbox 400 2909 483 2991; x_wconf 82' lang='lat' dir='ltr'>quod</span> <span class='ocrx_word' id='word_1_150' title='bbox 508 2908 571 2971; x_wconf 81' lang='lat' dir='ltr'>Rex</span> <span class='ocrx_word' id='word_1_151' title='bbox 595 2907 694 2971; x_wconf 85' lang='lat' dir='ltr'>iubet.</span> <span class='ocrx_word' id='word_1_152' title='bbox 720 2907 775 2971; x_wconf 87' lang='lat' dir='ltr'>sed</span> <span class='ocrx_word' id='word_1_153' title='bbox 799 2907 883 2988; x_wconf 84' lang='lat' dir='ltr'>quod</span> <span class='ocrx_word' id='word_1_154' title='bbox 907 2907 985 2972; x_wconf 88' lang='lat' dir='ltr'>deus</span> <span class='ocrx_word' id='word_1_155' title='bbox 1008 2909 1142 2990; x_wconf 90' lang='lat' dir='ltr'>imperat</span> <span class='ocrx_word' id='word_1_156' title='bbox 1165 2909 1248 2972; x_wconf 84' lang='lat' dir='ltr'>andi.</span> 
     </span>
     <span class='ocr_line' id='line_1_25' title="bbox 315 3013 1173 3096; baseline -0.005 -15"><span class='ocrx_word' id='word_1_157' title='bbox 315 3019 398 3081; x_wconf 89' lang='lat' dir='ltr'>sicut</span> <span class='ocrx_word' id='word_1_158' title='bbox 421 3019 488 3079; x_wconf 85' lang='lat' dir='ltr'>crat</span> <span class='ocrx_word' id='word_1_159' title='bbox 510 3014 650 3078; x_wconf 89' lang='lat' dir='ltr'>monitus</span> <span class='ocrx_word' id='word_1_160' title='bbox 673 3018 806 3078; x_wconf 87' lang='lat' dir='ltr'>matrem</span> <span class='ocrx_word' id='word_1_161' title='bbox 830 3015 1017 3096; x_wconf 87' lang='lat' dir='ltr'>coelumque</span> <span class='ocrx_word' id='word_1_162' title='bbox 1040 3013 1173 3079; x_wconf 83' lang='lat' dir='ltr'>uideret.</span> 
     </span>
     <span class='ocr_line' id='line_1_26' title="bbox 313 3121 1181 3204; baseline -0.002 -19"><span class='ocrx_word' id='word_1_163' title='bbox 313 3123 465 3188; x_wconf 78' lang='lat' dir='ltr'>constitit.</span> <span class='ocrx_word' id='word_1_164' title='bbox 491 3124 584 3202; x_wconf 88' lang='lat' dir='ltr'>atque</span> <span class='ocrx_word' id='word_1_165' title='bbox 608 3121 699 3183; x_wconf 85' lang='lat' dir='ltr'>hilari</span> <span class='ocrx_word' id='word_1_166' title='bbox 723 3122 817 3184; x_wconf 86' lang='lat' dir='ltr'>uultu</span> <span class='ocrx_word' id='word_1_167' title='bbox 840 3124 1039 3186; x_wconf 88' lang='lat' dir='ltr'>contemnere</span> <span class='ocrx_word' id='word_1_168' title='bbox 1061 3121 1181 3204; x_wconf 83' lang='lat' dir='ltr'>Regem</span> 
     </span>
     <span class='ocr_line' id='line_1_27' title="bbox 313 3225 1073 3312; baseline -0.004 -18"><span class='ocrx_word' id='word_1_169' title='bbox 313 3229 425 3312; x_wconf 89' lang='lat' dir='ltr'>coepit.</span> <span class='ocrx_word' id='word_1_170' title='bbox 450 3231 482 3290; x_wconf 88' lang='lat' dir='ltr'>et</span> <span class='ocrx_word' id='word_1_171' title='bbox 505 3231 541 3289; x_wconf 90' lang='lat' dir='ltr'>ut</span> <span class='ocrx_word' id='word_1_172' title='bbox 563 3225 668 3290; x_wconf 87' lang='lat' dir='ltr'>ridens</span> <span class='ocrx_word' id='word_1_173' title='bbox 692 3227 836 3290; x_wconf 89' lang='lat' dir='ltr'>ardentes</span> <span class='ocrx_word' id='word_1_174' title='bbox 860 3227 951 3290; x_wconf 87' lang='lat' dir='ltr'>irruit</span> <span class='ocrx_word' id='word_1_175' title='bbox 973 3228 1073 3310; x_wconf 87' lang='lat' dir='ltr'>ignes.</span> 
     </span>
     <span class='ocr_line' id='line_1_28' title="bbox 309 3334 1141 3418; baseline -0.007 -16"><span class='ocrx_word' id='word_1_176' title='bbox 309 3336 537 3418; x_wconf 86' lang='lat' dir='ltr'>collapsusque</span> <span class='ocrx_word' id='word_1_177' title='bbox 561 3334 666 3397; x_wconf 90' lang='lat' dir='ltr'>iacens</span> <span class='ocrx_word' id='word_1_178' title='bbox 690 3334 795 3397; x_wconf 90' lang='lat' dir='ltr'>anima</span> <span class='ocrx_word' id='word_1_179' title='bbox 818 3339 986 3416; x_wconf 88' lang='lat' dir='ltr'>superante</span> <span class='ocrx_word' id='word_1_180' title='bbox 1010 3334 1141 3415; x_wconf 85' lang='lat' dir='ltr'>quieuit.</span> 
     </span>
     <span class='ocr_line' id='line_1_29' title="bbox 313 3439 1155 3522; baseline -0.002 -17"><span class='ocrx_word' id='word_1_181' title='bbox 313 3444 415 3504; x_wconf 89' lang='lat' dir='ltr'>mater</span> <span class='ocrx_word' id='word_1_182' title='bbox 436 3443 473 3503; x_wconf 84' lang='lat' dir='ltr'>nt</span> <span class='ocrx_word' id='word_1_183' title='bbox 496 3439 555 3503; x_wconf 89' lang='lat' dir='ltr'>hoc</span> <span class='ocrx_word' id='word_1_184' title='bbox 578 3440 661 3503; x_wconf 79' lang='lat' dir='ltr'>indit</span> <span class='ocrx_word' id='word_1_185' title='bbox 684 3439 785 3522; x_wconf 83' lang='lat' dir='ltr'>rigido</span> <span class='ocrx_word' id='word_1_186' title='bbox 810 3441 856 3504; x_wconf 89' lang='lat' dir='ltr'>sio</span> <span class='ocrx_word' id='word_1_187' title='bbox 880 3460 932 3504; x_wconf 88' lang='lat' dir='ltr'>ore</span> <span class='ocrx_word' id='word_1_188' title='bbox 954 3441 1063 3506; x_wconf 88' lang='lat' dir='ltr'>locuta</span> <span class='ocrx_word' id='word_1_189' title='bbox 1086 3445 1155 3506; x_wconf 87' lang='lat' dir='ltr'>est:</span> 
     </span>
    </p>
   </div>
   <div class='ocr_carea' id='block_1_3' title="bbox 178 3631 1328 3792">
    <p class='ocr_par' dir='ltr' id='par_1_8' title="bbox 178 3631 1328 3792">
     <span class='ocr_line' id='line_1_30' title="bbox 215 3631 1328 3705; baseline 0.004 -20"><span class='ocrx_word' id='word_1_190' title='bbox 215 3633 249 3685; x_wconf 75' lang='grc'>87</span> <span class='ocrx_word' id='word_1_191' title='bbox 270 3649 337 3702; x_wconf 81' lang='lat' dir='ltr'>quae</span> <span class='ocrx_word' id='word_1_192' title='bbox 357 3648 440 3700; x_wconf 89' lang='lat' dir='ltr'>paruo</span> <span class='ocrx_word' id='word_1_193' title='bbox 460 3631 598 3683; x_wconf 87' lang='lat' dir='ltr'>latitantia</span> <span class='ocrx_word' id='word_1_194' title='bbox 618 3634 738 3700; x_wconf 87' lang='lat' dir='ltr'>temporo</span> <span class='ocrx_word' id='word_1_195' title='bbox 830 3631 862 3683; x_wconf 92' lang='grc'>91</span> <span class='ocrx_word' id='word_1_196' title='bbox 882 3633 981 3700; x_wconf 84' lang='lat' dir='ltr'>moros]</span> <span class='ocrx_word' id='word_1_197' title='bbox 1001 3633 1103 3685; x_wconf 87' lang='lat' dir='ltr'>animos</span> <span class='ocrx_word' id='word_1_198' title='bbox 1186 3633 1220 3686; x_wconf 83' lang='lat'>93</span> <span class='ocrx_word' id='word_1_199' title='bbox 1241 3635 1328 3705; x_wconf 84' lang='lat' dir='ltr'>cogit]</span> 
     </span>
     <span class='ocr_line' id='line_1_31' title="bbox 178 3719 1185 3792; baseline 0 -17"><span class='ocrx_word' id='word_1_200' title='bbox 178 3722 251 3792; x_wconf 86' lang='lat' dir='ltr'>regit</span> <span class='ocrx_word' id='word_1_201' title='bbox 287 3719 397 3788; x_wconf 87' lang='lat' dir='ltr'>creauit]</span> <span class='ocrx_word' id='word_1_202' title='bbox 419 3736 534 3772; x_wconf 87' lang='lat' dir='ltr'>cremare</span> <span class='ocrx_word' id='word_1_203' title='bbox 590 3719 623 3771; x_wconf 84' lang='grc'>97</span> <span class='ocrx_word' id='word_1_204' title='bbox 644 3722 780 3772; x_wconf 83' lang='lat' dir='ltr'>arrctorom</span> <span class='ocrx_word' id='word_1_205' title='bbox 835 3719 869 3772; x_wconf 86' lang='grc'>99</span> <span class='ocrx_word' id='word_1_206' title='bbox 888 3720 969 3772; x_wconf 89' lang='lat' dir='ltr'>iussit</span> <span class='ocrx_word' id='word_1_207' title='bbox 1024 3721 1075 3774; x_wconf 89' lang='lat'>100</span> <span class='ocrx_word' id='word_1_208' title='bbox 1094 3720 1185 3775; x_wconf 80' lang='lat' dir='ltr'>uidere</span> 
     </span>
    </p>
   </div>
   <div class='ocr_carea' id='block_1_4' title="bbox 179 3851 1329 4367">
    <p class='ocr_par' dir='ltr' id='par_1_9' title="bbox 179 3851 1329 4367">
     <span class='ocr_line' id='line_1_32' title="bbox 216 3851 1329 3925; baseline 0.001 -17"><span class='ocrx_word' id='word_1_209' title='bbox 216 3855 250 3908; x_wconf 81' lang='lat'>79</span> <span class='ocrx_word' id='word_1_210' title='bbox 269 3851 398 3906; x_wconf 82' lang='lat' dir='ltr'>adsistere</span> <span class='ocrx_word' id='word_1_211' title='bbox 475 3852 509 3906; x_wconf 87' lang='lat'>80</span> <span class='ocrx_word' id='word_1_212' title='bbox 529 3852 631 3921; x_wconf 87' lang='lat' dir='ltr'>aliquid</span> <span class='ocrx_word' id='word_1_213' title='bbox 713 3851 747 3904; x_wconf 83' lang='grc'>82</span> <span class='ocrx_word' id='word_1_214' title='bbox 766 3852 877 3905; x_wconf 88' lang='lat' dir='ltr'>formosi</span> <span class='ocrx_word' id='word_1_215' title='bbox 895 3852 1011 3922; x_wconf 86' lang='lat' dir='ltr'>pectoris</span> <span class='ocrx_word' id='word_1_216' title='bbox 1030 3852 1109 3906; x_wconf 84' lang='lat' dir='ltr'>duras</span> <span class='ocrx_word' id='word_1_217' title='bbox 1191 3854 1225 3908; x_wconf 88' lang='lat'>83</span> <span class='ocrx_word' id='word_1_218' title='bbox 1245 3855 1277 3925; x_wconf 85' lang='lat' dir='ltr'>si]</span> <span class='ocrx_word' id='word_1_219' title='bbox 1300 3860 1329 3909; x_wconf 88' lang='lat' dir='ltr'>et</span> 
     </span>
     <span class='ocr_line' id='line_1_33' title="bbox 180 3941 1328 4020; baseline 0 -22"><span class='ocrx_word' id='word_1_220' title='bbox 180 3945 215 3998; x_wconf 89' lang='grc'>84</span> <span class='ocrx_word' id='word_1_221' title='bbox 234 3946 262 3996; x_wconf 91' lang='lat' dir='ltr'>et</span> <span class='ocrx_word' id='word_1_222' title='bbox 280 3942 327 3994; x_wconf 88' lang='lat' dir='ltr'>sio.</span> <span class='ocrx_word' id='word_1_223' title='bbox 345 3941 411 4011; x_wconf 81' lang='lat' dir='ltr'>rep]</span> <span class='ocrx_word' id='word_1_224' title='bbox 432 3942 455 3993; x_wconf 89' lang='lat' dir='ltr'>si</span> <span class='ocrx_word' id='word_1_225' title='bbox 474 3959 565 4010; x_wconf 86' lang='lat' dir='ltr'>parere</span> <span class='ocrx_word' id='word_1_226' title='bbox 643 3942 677 3994; x_wconf 88' lang='grc'>86</span> <span class='ocrx_word' id='word_1_227' title='bbox 698 3941 856 4011; x_wconf 83' lang='lat' dir='ltr'>contempne</span> <span class='ocrx_word' id='word_1_228' title='bbox 876 3942 995 3994; x_wconf 87' lang='lat' dir='ltr'>furentes</span> <span class='ocrx_word' id='word_1_229' title='bbox 1072 3942 1106 3995; x_wconf 88' lang='grc'>87</span> <span class='ocrx_word' id='word_1_230' title='bbox 1125 3959 1209 4012; x_wconf 86' lang='lat' dir='ltr'>regno</span> <span class='ocrx_word' id='word_1_231' title='bbox 1228 3960 1280 4013; x_wconf 82' lang='lat' dir='ltr'>quc</span> <span class='ocrx_word' id='word_1_232' title='bbox 1301 3963 1328 4020; x_wconf 67' lang='lat' dir='ltr'>g.</span> 
     </span>
     <span class='ocr_line' id='line_1_34' title="bbox 179 4028 1329 4102; baseline 0 -17"><span class='ocrx_word' id='word_1_233' title='bbox 179 4030 292 4102; x_wconf 89' lang='lat' dir='ltr'>paruola</span> <span class='ocrx_word' id='word_1_234' title='bbox 313 4028 443 4082; x_wconf 87' lang='lat' dir='ltr'>habentia</span> <span class='ocrx_word' id='word_1_235' title='bbox 468 4029 518 4095; x_wconf 81' lang='lat' dir='ltr'>(tia</span> <span class='ocrx_word' id='word_1_236' title='bbox 540 4031 660 4097; x_wconf 67' lang='lat' dir='ltr'>iuras.)</span> <span class='ocrx_word' id='word_1_237' title='bbox 685 4032 806 4099; x_wconf 85' lang='lat' dir='ltr'>tempore</span> <span class='ocrx_word' id='word_1_238' title='bbox 906 4030 941 4083; x_wconf 87' lang='grc'>88</span> <span class='ocrx_word' id='word_1_239' title='bbox 964 4031 1091 4083; x_wconf 82' lang='lat' dir='ltr'>rexisti:</span> <span class='ocrx_word' id='word_1_240' title='bbox 1110 4032 1120 4083; x_wconf 89' lang='lat' dir='ltr'>i</span> <span class='ocrx_word' id='word_1_241' title='bbox 1140 4048 1172 4085; x_wconf 78' lang='lat' dir='ltr'>ec</span> <span class='ocrx_word' id='word_1_242' title='bbox 1191 4048 1329 4086; x_wconf 77' lang='lat' dir='ltr'>erasure</span> 
     </span>
     <span class='ocr_line' id='line_1_35' title="bbox 179 4118 1329 4190; baseline 0.002 -18"><span class='ocrx_word' id='word_1_243' title='bbox 179 4118 430 4188; x_wconf 67' lang='lat' dir='ltr'>sarpa-laisnersoo</span> <span class='ocrx_word' id='word_1_244' title='bbox 480 4118 514 4171; x_wconf 90' lang='grc'>89</span> <span class='ocrx_word' id='word_1_245' title='bbox 525 4118 668 4172; x_wconf 87' lang='lat' dir='ltr'>accendere</span> <span class='ocrx_word' id='word_1_246' title='bbox 680 4134 788 4186; x_wconf 85' lang='lat' dir='ltr'>cogeres</span> <span class='ocrx_word' id='word_1_247' title='bbox 797 4118 874 4186; x_wconf 86' lang='lat' dir='ltr'>ignes</span> <span class='ocrx_word' id='word_1_248' title='bbox 925 4119 958 4172; x_wconf 90' lang='grc'>91</span> <span class='ocrx_word' id='word_1_249' title='bbox 978 4119 1079 4172; x_wconf 88' lang='lat' dir='ltr'>inherit</span> <span class='ocrx_word' id='word_1_250' title='bbox 1133 4121 1169 4174; x_wconf 84' lang='grc'>94</span> <span class='ocrx_word' id='word_1_251' title='bbox 1187 4120 1329 4190; x_wconf 82' lang='lat' dir='ltr'>dampnari</span> 
     </span>
     <span class='ocr_line' id='line_1_36' title="bbox 181 4206 1328 4278; baseline -0.002 -15"><span class='ocrx_word' id='word_1_252' title='bbox 181 4213 339 4263; x_wconf 83' lang='lat' dir='ltr'>aeternuss.</span> <span class='ocrx_word' id='word_1_253' title='bbox 354 4208 425 4277; x_wconf 79' lang='lat' dir='ltr'>ignis</span> <span class='ocrx_word' id='word_1_254' title='bbox 485 4208 518 4259; x_wconf 84' lang='grc'>96</span> <span class='ocrx_word' id='word_1_255' title='bbox 533 4210 611 4272; x_wconf 73' lang='lat' dir='ltr'>nats</span> <span class='ocrx_word' id='word_1_256' title='bbox 667 4206 847 4258; x_wconf 65' lang='lat' dir='ltr'>clanmorem</span> <span class='ocrx_word' id='word_1_257' title='bbox 905 4207 954 4260; x_wconf 86' lang='lat'>100</span> <span class='ocrx_word' id='word_1_258' title='bbox 964 4207 1120 4278; x_wconf 69' lang='lat' dir='ltr'>coelumque</span> <span class='ocrx_word' id='word_1_259' title='bbox 1176 4208 1226 4263; x_wconf 90' lang='grc'>101</span> <span class='ocrx_word' id='word_1_260' title='bbox 1238 4207 1328 4278; x_wconf 82' lang='lat' dir='ltr'>adque</span> 
     </span>
     <span class='ocr_line' id='line_1_37' title="bbox 179 4296 1231 4367; baseline 0.001 -17"><span class='ocrx_word' id='word_1_261' title='bbox 179 4297 265 4351; x_wconf 87' lang='lat' dir='ltr'>helari</span> <span class='ocrx_word' id='word_1_262' title='bbox 302 4301 489 4366; x_wconf 84' lang='lat' dir='ltr'>contempnere</span> <span class='ocrx_word' id='word_1_263' title='bbox 545 4296 597 4350; x_wconf 85' lang='grc'>102</span> <span class='ocrx_word' id='word_1_264' title='bbox 616 4300 644 4348; x_wconf 88' lang='lat' dir='ltr'>et</span> <span class='ocrx_word' id='word_1_265' title='bbox 662 4296 702 4363; x_wconf 81' lang='lat' dir='ltr'>rrtl</span> <span class='ocrx_word' id='word_1_266' title='bbox 723 4299 753 4347; x_wconf 86' lang='lat' dir='ltr'>ut</span> <span class='ocrx_word' id='word_1_267' title='bbox 790 4296 873 4349; x_wconf 86' lang='lat' dir='ltr'>inruit</span> <span class='ocrx_word' id='word_1_268' title='bbox 891 4296 962 4365; x_wconf 86' lang='lat' dir='ltr'>ignis</span> <span class='ocrx_word' id='word_1_269' title='bbox 1019 4297 1069 4350; x_wconf 88' lang='lat'>103</span> <span class='ocrx_word' id='word_1_270' title='bbox 1089 4298 1231 4367; x_wconf 89' lang='lat' dir='ltr'>conlapsus</span> 
     </span>
    </p>
   </div>
   <div class='ocr_carea' id='block_1_5' title="bbox 0 0 1509 4920">
    <p class='ocr_par' dir='ltr' id='par_1_10' title="bbox 0 0 1509 4920">
     <span class='ocr_line' id='line_1_38' title="bbox 0 0 1509 4920; baseline 0 0"><span class='ocrx_word' id='word_1_271' title='bbox 0 0 1509 4920; x_wconf 95' lang='lat' dir='ltr'> </span> 
     </span>
    </p>
   </div>
  </div>
 </body>
</html>
