2986 4920
546 351 587 401 rie
615 349 872 402 Mastrabaeis

286 546 381 627 longa
404 547 507 629 inagis
531 546 600 608 uita
624 547 683 618 est,
708 563 867 626 regnaque
891 543 1050 625 potentior
1073 544 1136 608 ista

288 652 372 732 qued
395 653 490 735 regis,
515 655 654 716 extrenra
676 651 772 714 huius
795 650 859 713 iarn
882 653 970 732 parte
993 651 1151 715 meraris?

287 758 345 821 bes
371 778 496 839 queque
521 759 547 822 si
571 757 689 822 metuis
714 760 865 839 superant
888 761 992 821 aetate
1015 757 1164 832 minores,

290 868 535 947 contemptuque
561 865 658 928 simul
680 864 746 928 uici
769 868 825 927 tua
847 882 943 947 regna
967 865 1110 946 superbe.

156 978 174 1030 ⁶.
200 974 213 1023 f
289 971 344 1033 sed
367 990 481 1054 perage
504 970 684 1053 imperium,
709 989 767 1033 nee
790 972 900 1051 partus
925 968 1031 1032 diuide
1055 972 1190 1046 nostres,

286 1075 344 1140 hos
370 1096 495 1158 queque
520 1075 729 1153 daturums,
755 1078 787 1138 et
810 1075 932 1139 uiribus
956 1078 1045 1138 utere
1068 1075 1167 1157 regni,

286 1183 430 1246 mortalis
454 1186 561 1246 tamen
587 1201 631 1257 es,
656 1200 714 1245 nea
737 1165 770 1244 iri
794 1200 910 1244 aeuum
933 1199 1031 1264 regna
1053 1181 1185 1246 tenebis.

331 1288 477 1371 Concipit
499 1288 677 1352 Antiochus
700 1286 810 1362 furias,
836 1305 1014 1368 saeuusque
1038 1289 1190 1369 tyrannus

288 1395 423 1460 exhibet.
449 1397 481 1458 et
504 1395 644 1478 gemitus
669 1395 751 1456 intra
776 1413 834 1457 sua
857 1397 986 1475 pectora
1008 1394 1123 1469 uoluit,

154 1514 210 1564 ·.·.,
287 1500 446 1565 aerrsentit
470 1521 542 1565 eum
566 1504 673 1564 mente
698 1501 793 1566 00101,
818 1500 981 1581 tristisque
1006 1503 1154 1583 grauatus

286 1608 406 1672 attollit
429 1608 551 1679 uultus,
577 1610 609 1671 et
632 1608 709 1671 talia
732 1608 829 1671 uerba
851 1608 1011 1689 profatur:

286 1716 363 1779 baec
386 1718 443 1778 tua
465 1715 608 1789 libertae,
635 1717 666 1778 et
690 1714 756 1777 dira
781 1714 922 1797 potentia
944 1714 1081 1798 liuguae,

284 1824 378 1902 atque
402 1820 454 1884 hie
479 1839 573 1902 quern
598 1819 723 1884 tumida
745 1823 852 1902 partas
878 1820 999 1884 ceruice
1023 1820 1158 1903 rigerem

285 1928 403 1992 senties
429 1929 475 1991 ira
498 1927 558 1991 tibi
582 1927 691 2010 Regis,
717 1926 792 2008 quid
816 1929 959 2009 tempera
981 1926 1116 2008 possint.

151 2036 209 2095 225
283 2035 310 2097 si
334 2034 476 2099 neudum
500 2053 533 2098 es
560 2033 675 2098 satiata
698 2033 801 2108 malis,
828 2037 860 2096 et
883 2033 1000 2116 fingere
1023 2035 1129 2096 tentas

283 2141 448 2215 laetitiam,
473 2142 644 2222 luctusque
669 2143 743 2204 tues
766 2141 798 2203 in
822 2140 939 2222 gaudia
962 2140 1070 2216 uentis,

283 2266 344 2311 uon
368 2247 499 2311 mutabo
523 2266 643 2324 necem,
668 2246 781 2330 gaude,
805 2247 933 2322 laetare,
958 2245 1127 2328 triumpha,

284 2353 455 2418 dummodo
480 2353 526 2418 010
550 2355 670 2428 uineas,
695 2358 732 2416 ut
756 2353 799 2417 sis
824 2371 971 2435 suprema
993 2356 1131 2416 tuorum.

286 2460 331 2523 010
354 2460 474 2523 furiosa
497 2459 591 2523 nimis
615 2462 759 2523 natorum
785 2459 893 2521 funere
917 2458 1062 2541 gaudes?

152 2574 207 2628 ι’»
284 2566 344 2629 hoe
369 2585 494 2647 queque
520 2566 558 2629 do
582 2565 728 2642 flammis,
753 2565 813 2629 1100
836 2584 894 2629 nee
916 2568 1039 2629 mutare
1064 2567 1204 2647 potestas

284 2673 351 2736 ulla
373 2675 481 2754 petest
505 2671 640 2747 decreta,
666 2676 701 2735 tu
725 2672 810 2736 laeta
833 2673 907 2736 uiue
932 2674 1094 2753 superstes
1193 2672 1209 2704 ³*

283 2780 366 2843 uatis
391 2780 467 2843 arba
489 2780 565 2857 tuis,
591 2784 622 2844 et
645 2799 684 2843 ne
707 2799 779 2842 mea
801 2780 889 2844 iussa
912 2781 1094 2871 merentur*

284 2886 359 2950 orde
385 2906 461 2950 sues
484 2889 616 2970 peragat
640 2906 762 2951 aursus.
787 2886 957 2951 Producite
981 2890 1101 2962 natum,

283 3013 340 3056 nee
364 3013 446 3058 uano
470 2996 600 3076 pereant
622 2993 705 3076 ignis
730 2993 886 3058 dubiusne
910 2992 1018 3057 uidere

150 3104 208 3161 2¹⁷
282 3100 347 3163 Rex
371 3102 445 3181 post
469 3100 532 3163 ista
555 3117 625 3162 reor
648 3099 743 3162 timer
766 3102 816 3162 est
838 3098 916 3161 nrihi
939 3097 1075 3162 foemina
1100 3098 1208 3161 nullus

282 3205 453 3288 praecipua
476 3205 515 3268 de
540 3207 632 3288 gente
657 3208 713 3268 tua
735 3205 918 3287 produceris
942 3204 1034 3269 iudex

286 3331 380 3393 quani
406 3312 512 3395 speeie
536 3312 676 3375 mirande
700 3331 787 3393 puer.
814 3312 865 3375 cui
888 3315 1015 3394 pestere
1039 3311 1141 3375 uirtus

1194 2994 1209 3023 11·

182 3443 366 3497 2140100101
422 3444 475 3495 224
494 3444 595 3496 sentiet
613 3443 676 3496 irati
695 3443 767 3512 ragis
824 3443 874 3496 231
895 3442 935 3511 tu]
955 3442 1035 3495 meda
1054 3447 1086 3495 tu
1146 3442 1198 3496 236
1219 3460 1296 3513 prae-

147 3532 240 3602 cipuus
276 3531 355 3584 index

182 3629 238 3712 21‘1‘
253 3629 417 3729 raian—ge
435 3661 522 3729 inagis
541 3676 679 3729 regnoque
695 3687 697 3691 ·
739 3660 790 3712 213
809 3660 858 3712 hes
874 3676 940 3728 quos
954 3677 985 3738 g:
1001 3660 1024 3711 si
1052 3660 1208 3729 superantia
1223 3663 1295 3714 etate

145 3747 255 3802 minaris
311 3750 364 3802 214
383 3752 590 3818 contemptaque
650 3749 703 3801 215
721 3752 813 3818 partos
874 3747 926 3801 218
950 3749 1073 3818 concepit
1127 3749 1178 3802 219
1198 3752 1226 3802 01
1245 3765 1296 3817 eru„

146 3836 439 3907 220101011110110110
459 3841 588 3908 grauatus
661 3838 714 3890 222
733 3837 799 3890 dura
872 3836 923 3889 223
944 3838 995 3890 litt.
1016 3836 1103 3890 0111100
1121 3836 1238 3906 rigerem
1258 3837 1296 3889 01.

147 3941 178 3979 nr..
199 3931 297 3992 postea
322 3927 387 3980 01111.
479 3927 531 3979 224
562 3927 662 3980 senties
691 3925 743 3979 ribi
771 3927 812 3978 ira
838 3926 910 3994 ragis
940 3925 1005 3994 quid
1032 3930 1153 3995 tempore
1182 3928 1297 3996 possunt

146 4013 345 4084 2250001010]
365 4032 418 4067 non
457 4019 486 4068 et
503 4015 532 4082 1.]
554 4015 681 4083 effingere
719 4018 836 4083 temptas
932 4014 985 4067 226
1003 4018 1066 4068 tuus
1125 4013 1179 4068 229
1198 4013 1295 4067 animis

163 4104 256 4156 funera
329 4101 820 4172 230100110011110011000011011)
858 4103 973 4172 potestis
1046 4103 1097 4158 231
1122 4106 1200 4172 potes
1237 4103 1294 4156 tula

145 4192 253 4244 etauiua
326 4191 494 4246 2320111010
576 4192 628 4245 233
648 4209 711 4245 suus
731 4196 828 4261 pergat
909 4192 962 4247 234
981 4195 1089 4256 11010110
1127 4190 1211 4244 dubiu
1236 4191 1294 4244 0100

145 4279 275 4348 2351001
330 4281 491 4350 2370110010
528 4287 635 4351 pertore
