2986 4920
657 349 858 403 l'ietorini

314 547 403 610 firma
426 550 542 611 rnanet.
567 548 630 610 iam
654 567 734 628 quae
758 550 882 630 poterat
904 547 957 611 uel
981 547 1107 610 uincere
1131 546 1263 629 Regem.

357 655 407 718 Ad
431 674 524 736 quem
549 654 596 719 sio
619 655 744 736 plerido
768 657 870 718 nister
893 673 1037 719 sermone
1061 654 1169 718 locuta
1195 658 1263 718 est:

316 762 344 825 si
368 761 440 824 dare
465 760 647 844 complexus
671 762 764 825 matri
787 760 847 825 tibi
870 763 943 823 nate
966 759 1087 824 liceret.

315 868 465 932 confiteor
488 869 549 933 soli
572 872 646 950 post
668 868 800 932 uulnera
825 870 898 931 nate
921 866 1090 931 dedissem.

315 975 371 1039 sed
394 994 445 1038 me
470 975 546 1038 dura
570 978 670 1051 uetat,
695 979 728 1039 et-
750 974 852 1039 tristis
874 973 1017 1057 potentia
1040 973 1138 1056 Regis

314 1081 450 1164 denegat
474 1082 648 1163 amplexus.
674 1081 748 1144 dnm
773 1080 817 1145 sit
840 1099 901 1144 uon
924 1079 1024 1143 libem
1047 1079 1150 1144 nobis.

315 1191 348 1251 et
370 1188 466 1252 liceat
489 1187 672 1252 meminisse
697 1187 757 1252 dei.
781 1186 950 1271 legemque
975 1189 1080 1249 tenere

184 1298 191 1321 ‘
230 1333 239 1354 ι
317 1312 378 1357 non
403 1311 421 1356 a
443 1312 517 1376 rege
542 1294 658 1370 datam,
683 1294 737 1358 sed
763 1312 858 1374 quum
882 1292 960 1356 deus
985 1291 1101 1356 arbiter
1124 1292 1208 1355 orbis

315 1399 455 1464 tradidit.
481 1404 513 1463 et
535 1400 646 1464 mundi
669 1404 782 1475 rector,
806 1400 978 1481 Mosesque
1000 1398 1134 1481 petitam

315 1506 445 1589 aceepit,
469 1508 651 1590 populoque
676 1506 772 1581 dedit,
796 1525 869 1570 oum
892 1506 1026 1570 maxima
1049 1505 1120 1568 laus
1145 1509 1194 1569 est

314 1631 407 1678 nosse
433 1613 537 1678 deum.
563 1613 675 1678 merito
700 1613 751 1677 oui
775 1632 832 1678 nos
857 1612 1033 1677 tribuamus
1057 1612 1219 1678 honorem.

314 1723 350 1782 tn
374 1719 467 1784 modo
492 1739 530 1783 ne
555 1719 665 1784 dubita
688 1719 817 1784 monitis
840 1721 949 1802 parere
972 1719 1129 1803 parentis:

317 1825 373 1891 sed
397 1825 490 1909 uigor
513 1830 545 1891 et
568 1827 682 1893 uirtus.
706 1825 897 1910 penitusque
920 1826 952 1889 in
974 1828 1102 1909 pertore
1125 1829 1193 1890 toto

314 1950 404 1995 mens
427 1936 555 1996 maneat
577 1932 639 1995 iam
664 1933 757 2016 plena
781 1932 849 1999 deo.
876 1931 928 1997 Sic
950 1932 1062 1998 fortior
1084 1935 1171 1996 aetus

314 2057 408 2118 quam
432 2039 512 2121 Regi
536 2058 661 2121 sperare
685 2039 756 2104 fuit.
782 2058 907 2122 sperare
930 2039 1102 2104 iubentem.

315 2165 331 2208 o
358 2147 474 2225 quanta
498 2145 613 2216 uirtus,
638 2148 754 2227 quanta
779 2150 829 2210 est
852 2145 968 2209 fiducia
990 2145 1089 2209 forti?

313 2251 369 2316 sed
393 2255 499 2315 tamen
524 2252 600 2333 quid
625 2252 752 2316 dubitas
776 2251 897 2316 medias
921 2252 1066 2316 euincere
1089 2251 1260 2315 flammas?

207 2359 242 2417 ’ἴ
317 2357 419 2423 uictor
442 2358 514 2424 eris.
539 2358 617 2422 mihi
642 2358 732 2423 erede
756 2377 843 2440 puer,
868 2357 1033 2440 uictorque
1056 2356 1184 2422 redibis.

315 2463 442 2527 ossibus
468 2467 501 2528 et
523 2463 639 2528 ualidis
663 2463 812 2528 miscebit
835 2483 966 2546 corpora
988 2482 1116 2540 neruus,

312 2578 518 2650 seruatesqne
543 2570 664 2635 animas
687 2571 803 2634 itemm
827 2570 859 2634 in
882 2589 966 2634 noua
989 2569 1113 2634 uiscera
1136 2569 1250 2634 reddit.

315 2676 370 2740 sed
395 2695 433 2739 ne
457 2676 536 2740 forte
561 2680 666 2741 tamen
690 2676 818 2759 rupidus
841 2679 874 2740 te
897 2679 1014 2740 terreat
1035 2675 1136 2758 ignis·

311 2781 442 2871 fratrum
468 2801 557 2846 sume
582 2783 714 2847 animos.
739 2785 964 2863 aeternumque
985 2780 1098 2847 inuoea
1122 2801 1249 2848 numen.

357 2889 449 2952 lussa
472 2889 558 2965 lauit,
583 2889 764 2970 tacitusque
788 2888 883 2952 deum
905 2891 1054 2965 testatus,
1079 2892 1111 2953 et
1135 2893 1203 2952 orat

311 3014 471 3058 murmure
496 3013 557 3077 quo
581 2998 714 3078 poterat,
738 3014 872 3078 puemm
896 3014 957 3059 non
980 2995 1114 3078 impedit
1138 3000 1235 3060 aetas.

312 3121 373 3166 non
397 3101 460 3163 iam
484 3100 596 3165 timere
621 3120 742 3176 necem.
766 3100 923 3183 matrique
947 3101 1068 3165 nolenti

315 3208 429 3292 paruit.
455 3210 487 3271 et
511 3208 595 3272 dioto
621 3208 715 3273 eitius
740 3207 926 3290 superirruit
948 3207 1048 3290 ignes.

212 3401 265 3453 242
285 3404 313 3453 et
331 3400 374 3468 tu]
395 3400 535 3469 tristisque
591 3398 643 3451 243
664 3395 711 3450 sed
729 3401 812 3466 neget
866 3395 917 3448 247
933 3395 1001 3465 eum]
1018 3411 1098 3465 quam
1153 3392 1204 3448 251
1224 3394 1272 3464 sio]
1289 3395 1329 3448 sit

177 3487 229 3542 252
250 3487 368 3541 iubentis
423 3488 476 3541 253
497 3506 511 3539 o
533 3507 558 3557 q.
578 3491 620 3540 est
638 3486 724 3538 uirtus
762 3484 841 3538 fortis
896 3485 949 3538 254
968 3483 1069 3552 tamen]
1088 3488 1119 3536 tu
1174 3482 1226 3538 255
1248 3483 1326 3552 (mihi

176 3575 265 3643 erede)
322 3577 374 3630 257
393 3575 489 3629 reddet
543 3577 595 3630 250
614 3575 716 3644 inspice
772 3573 825 3626 262
844 3572 958 3643 amplius
977 3571 1050 3626 haud
1068 3573 1148 3626 timet
1165 3571 1212 3625 ille
1230 3588 1325 3626 necem

176 3664 229 3718 asa
249 3665 320 3734 ignis

177 3767 264 3859 *238
282 3768 516 3875 iamque-poteras
585 3802 637 3856 240
657 3802 800 3871 conplexus
873 3801 926 3855 242
944 3806 1036 3856 uetate
1055 3803 1141 3856 tristis
1213 3803 1267 3856 244
1286 3805 1324 3873 et]

177 3893 246 3947 enim
285 3893 338 3964 dei]
360 3893 403 3948 om
459 3895 510 3948 246
527 3894 615 3963 petita
669 3892 721 3946 248
735 3891 839 3945 meritis
866 3890 1026 3962 tribuamus]
1046 3892 1140 3947 demus
1194 3894 1248 3949 250
1266 3893 1324 3997 sed]

176 4009 200 4062 si
237 4008 307 4078 toto]
336 4012 383 4062 tuo
474 4008 528 4064 253
551 4007 650 4061 fiducia
672 4008 703 4060 r'u
725 4024 781 4060 roa
872 4006 925 4063 254
948 4008 1103 4077 peruincere
1188 4009 1242 4062 255
1266 4027 1325 4074 eres

176 4101 317 4167 sectorque
354 4096 460 4150 redebis
529 4097 581 4151 256
596 4095 726 4150 miscebat
741 4112 867 4165 corporea
926 4096 978 4150 258
997 4101 1025 4150 te
1044 4114 1095 4152 oon
1155 4098 1207 4152 259
1226 4115 1324 4153 nomen

176 4184 230 4239 260
249 4187 348 4240 tacitus
368 4186 415 4255 qui
451 4190 568 4240 testatur
667 4185 718 4238 261
740 4183 812 4253 quod
915 4185 967 4238 262
986 4186 1099 4241 timuere
1118 4186 1228 4256 necess!
1247 4189 1272 4256 (5
1291 4206 1325 4244 ee

175 4275 286 4342 estol.)
343 4273 395 4328 263
415 4279 443 4328 et
461 4274 497 4343 d]
518 4273 606 4328 edicto
643 4273 726 4327 inruit

57 4548 207 4632 A
