2986 4920
550 359 796 414 Prooemium.
1275 345 1319 407 IX

118 537 318 600 Ebroicensis
351 536 477 598 libraria
517 536 686 616 possideat.
727 537 821 599 ctiam
855 538 1013 600 Alcimum
1046 517 1307 615 commemorets)

119 663 223 724 neque
260 643 375 705 mirum
411 642 705 706 Aetlreluulfum
755 663 879 723 quoque
922 664 946 707 0.
982 645 1074 706 Vllll
1111 645 1153 706 in.
1191 645 1223 706 in
1261 664 1318 709 suo

118 750 310 814 monasterio
350 749 538 831 Cyprianum
576 750 702 832 legisse.
728 750 818 813 cuius
859 751 1002 814 Euodum
1035 751 1178 814 imitatur
1189 750 1224 835 2).
1265 752 1319 815 sed

120 856 234 920 horum
266 856 417 920 librorum
451 859 574 937 praeter
605 875 723 938 paucos
757 875 879 932 uersus,
919 877 997 938 quos
1030 858 1125 940 Angli
1162 858 1210 920 illi
1247 857 1319 921 inda

119 964 261 1039 laudant,
295 964 383 1026 nulla
426 964 464 1026 ad
498 982 555 1027 nos
589 964 678 1026 uenit
728 962 927 1047 memorial)
960 983 1030 1027 nam
1066 984 1101 1026 ex
1137 964 1320 1047 Anglicanis

119 1071 210 1133 libris
237 1070 290 1151 qui
307 1089 389 1133 unus
400 1072 544 1133 seruatus
557 1072 614 1145 est,
626 1090 687 1133 non
698 1070 825 1133 uidetur
835 1090 852 1131 a
864 1069 1038 1134 Gallicanis
1049 1071 1164 1134 nostris
1177 1071 1319 1134 diuersae

121 1197 191 1241 esse
217 1176 355 1259 originis.
383 1176 671 1258 Cantabrigiensem
693 1176 760 1240 dico
780 1177 832 1256 qui
848 1197 945 1240 unum
964 1177 1153 1258 Cyprianum
1169 1176 1318 1241 continet.

119 1301 277 1348 summam
296 1284 323 1346 is
340 1283 562 1366 cognationem
589 1302 661 1346 cum
689 1283 951 1347 Laudunensibus
981 1283 1094 1364 prodit.
1129 1302 1319 1364 quamquam

119 1390 347 1473 Wigbodianos
368 1390 609 1454 commentarios
628 1409 756 1471 prorsus
782 1390 897 1454 abiecit
920 1410 993 1454 cum
1018 1392 1130 1455 ceteris
1155 1391 1223 1454 eius
1248 1409 1319 1453 con·

116 1496 264 1561 lec-tionis
285 1497 485 1560 carminibus,
988 1567 990 1571 ,

210 1603 538 1686 Cantabrigiansis
564 1604 689 1687 collegii
715 1605 745 1667 8.
767 1604 929 1667 Trinitatis
954 1605 990 1666 B.
1014 1607 1041 1666 1.
1074 1606 1115 1666 42
1126 1603 1153 1689 4)
1187 1605 1357 1668 membro

118 1734 144 1778 0.
169 1714 215 1776 XI
238 1712 384 1777 foliorum
412 1712 475 1773 110
499 1710 616 1774 formae
642 1714 791 1786 octauae3
813 1711 896 1773 altus
920 1713 959 1774 18
981 1711 1119 1787 cautim..
1139 1712 1223 1774 latus
1244 1710 1318 1785 870

117 1822 257 1885 centina..
282 1820 464 1883 nicenorum
478 1838 639 1881 uersuum
658 1818 689 1879 in
709 1837 772 1880 000
796 1837 919 1898 000000
946 1817 1080 1900 pagella.
1105 1816 1223 1897 priores
1242 1815 1320 1878 Xlll

117 1927 339 2008 quatemiones
363 1926 429 1999 (101.
452 1927 592 1999 0-103,
613 1944 685 1986 nam
704 1924 841 2006 primum
860 1924 953 2006 primi
974 1923 1187 2003 quaternionis
1207 1921 1318 1985 folium

116 2052 257 2096 uacuum
281 2036 329 2096 est
351 2033 485 2113 ideoque
511 2051 639 2096 numero
665 2030 762 2114 caret)
788 2031 929 2114 insigniti
957 2033 1031 2094 suut
1055 2030 1170 2092 litteris
1194 2027 1320 2103 .l-N·,

121 2142 274 2203 secuntur
305 2142 427 2220 septem
459 2138 535 2200 folia
570 2139 756 2202 104--110,
790 2157 923 2218 quorum
960 2137 1094 2212 nullum,
1127 2155 1166 2198 ue
1193 2134 1215 2198 1,
1242 2135 1319 2196 100“
1355 2199 1358 2206 ,

124 2245 253 2327 quidem
286 2245 498 2325 quaternionis
540 2247 647 2306 notam
680 2243 837 2326 habete).
864 2242 1002 2305 initiales
1044 2241 1220 2305 sectionum
1266 2240 1319 2303 uel

121 2352 333 2435 capitulorum
345 2351 489 2414 carminis
512 2351 636 2414 litterae
651 2350 784 2414 maiores
805 2352 879 2413 sunt
892 2349 1057 2430 pictaeque
1077 2351 1133 2411 aut
1151 2349 1244 2411 rubro
1265 2350 1320 2410 aut

120 2459 215 2522 uiridi
226 2462 281 2522 aut
294 2459 394 2522 bruno
411 2459 524 2523 colore.
549 2458 580 2520 in
595 2459 729 2538 praefixo
744 2458 819 2522 folio
838 2457 973 2539 legitur:
993 2455 1161 2518 Aldcrums
1179 2453 1257 2517 Iun:
1276 2457 1321 2515 30

120 2569 213 2634 roal.
238 2565 361 2628 adiecta
390 2564 492 2628 estin
518 2566 602 2628 calce
626 2564 728 2627 aliena
746 2564 927 2627 membrana
950 2563 1003 2626 uel
1027 2562 1140 2626 saltem
1162 2560 1255 2624 lineis
1274 2561 1319 2623 iu-

120 2671 248 2753 scriptis
273 2690 390 2747 000000,
415 2671 471 2734 001
494 2672 611 2754 legitur
642 2671 834 2752 possessoris
863 2670 895 2731 ni
926 2669 1019 2732 fallor
1042 2687 1155 2732 nomen
1185 2667 1319 2730 Thomas

122 2828 365 2844 ........
390 2777 592 2854 (8001110101
603 2776 651 2863 1);
677 2778 709 2840 10
726 2782 847 2841 scorteo
863 2777 1080 2858 integumento
1096 2793 1182 2837 arma
1195 2792 1319 2855 posses-

119 2886 200 2949 soris
224 2885 367 2967 iupressa
395 2889 487 2949 sunt:
518 2885 706 2966 quadratum
736 2887 872 2958 scutum,
898 2901 916 2944 a
938 2883 1029 2945 laeua
1056 2884 1143 2963 parte
1173 2880 1318 2962 superius

119 2984 290 3055 albacrux
313 2991 479 3055 decussata
497 2991 529 3054 iu
548 2993 644 3054 rubeo
670 3009 791 3071 campo,
815 2989 895 3052 infra
920 3007 1033 3052 aureus
1057 2988 1106 3051 leo
1132 2985 1171 3049 ad
1193 2986 1318 3049 laeuam

211 3183 230 3251 ¹)
246 3200 263 3234 u
284 3183 363 3235 1550:
384 3182 448 3250 quid
468 3182 715 3251 00000080001100
735 3182 778 3234 001
799 3182 863 3250 quid
876 3181 947 3232 canit
967 3181 1029 3248 ipsc
1043 3179 1184 3233 quena-us.
1200 3152 1318 3232 Alcimus

119 3278 148 3326 et
167 3272 299 3334 Glemona,
319 3272 440 3340 Prosper.
460 3272 598 3335 Paulinus
619 3273 723 3334 Arator,
745 3270 811 3339 quid
828 3270 993 3322 Fortunatus
1014 3269 1056 3320 uel
1078 3268 1143 3337 quid
1162 3265 1319 3320 Lactantius

137 3362 214 3414 dunt.

119 3379 134 3415 ρ
214 3451 234 3516 ²)
265 3466 299 3501 sc.
328 3450 350 3501 E
382 3449 457 3508 1034,
477 3447 550 3500 ,1082
579 3465 619 3516 sq.
648 3447 707 3514 (qui
736 3444 852 3498 codicem
881 3451 971 3498 nostro
999 3451 1020 3497 A
1051 3445 1164 3497 similem
1193 3443 1319 3496 habuisse

44 3503 57 3520 ⁰
122 3557 182 3592 eum
209 3537 335 3608 probant)
365 3538 443 3600 1103,
475 3536 658 3589 1304-1325.
691 3534 744 3587 uid
779 3535 984 3602 Karolingisclre
1018 3534 1192 3602 Dichtungcn
1229 3535 1320 3584 unter-

121 3629 200 3682 sucht
229 3645 280 3681 von
307 3627 422 3695 Ludwig
452 3626 565 3688 Traube,
594 3625 686 3677 Berlin
716 3622 785 3676 1888
813 3640 837 3690 p.
869 3623 899 3673 17
929 3627 983 3675 not¹
1005 3623 1021 3673 2
1047 3640 1072 3690 p.
1094 3622 1127 3673 22
1148 3638 1206 3689 sqq.
1235 3639 1259 3689 0.
1286 3620 1320 3673 32

58 3761 60 3764 ,
118 3720 175 3770 not.
196 3720 210 3769 1
231 3720 259 3770 et
277 3717 301 3769 2.

209 3807 230 3871 3)
250 3804 303 3858 uid.
323 3809 412 3857 tamen
433 3803 506 3872 quod
525 3802 654 3855 adnotaui
672 3801 741 3854 infra
760 3819 785 3870 p.
805 3800 876 3853 XIV.

211 3897 231 3960 4)
253 3892 377 3962 Catalugi
395 3893 510 3961 Angliae
531 3896 558 3944 00
576 3890 730 3953 Hiberniae,
751 3890 834 3944 Oxou.
856 3889 923 3942 1697
943 3889 989 3940 13
1009 3906 1034 3956 p.
1054 3889 1087 3940 99
1107 3904 1132 3938 n.
1151 3886 1211 3940 448.

212 3981 431 4050 0111001001.
462 3980 612 4046 acl-283)
643 3997 702 4032 eum
729 3980 788 4048 ipse
813 3977 911 4030 librum
941 3975 1131 4032 describebam.
1161 3993 1214 4026 non
1243 3991 1320 4026 suum

121 4072 210 4124 locum
231 4071 389 4133 obtinebat3
417 4088 480 4122 nam
499 4086 558 4122 cum
583 4069 647 4121 olim
676 4073 747 4121 esset
774 4068 889 4136 primum
910 4065 1094 4136 quaternionis
1122 4064 1216 4116 folium
1247 4064 1319 4125 (110.

122 4162 181 4225 llll,
202 4160 263 4224 105,
285 4160 434 4222 106-101,
457 4158 514 4216 108,
535 4159 594 4222 109,
614 4160 654 4224 a),
682 4161 745 4228 post
773 4157 879 4209 reuulso
899 4157 964 4208 folio
985 4172 1004 4206 a*
1025 4155 1108 4224 (quod
1127 4157 1318 4213 eratuacuunn

119 4266 168 4318 per
187 4265 301 4301 errorem
321 4249 445 4301 ultimum
465 4248 599 4299 inlocum
629 4250 671 4299 est
699 4246 827 4299 delatum.
859 4261 930 4298 nunc
959 4244 1058 4296 librum
1086 4243 1173 4296 denuo
1203 4242 1317 4309 ligatum

119 4352 266 4406 uerumque
287 4338 407 4390 ordinem
426 4336 582 4388 restitutum
603 4352 660 4388 esse
681 4335 749 4390 lohu
768 4335 799 4389 B.
819 4335 913 4402 Mayor
932 4332 1035 4386 scribit.
1324 4328 1329 4337 '
