2986 4920
551 333 700 386 Exodus
728 333 850 400 2,ι1-3,τ

285 540 318 593 23
341 525 419 590 haec
441 526 522 589 inter
545 525 606 588 dun
629 529 728 591 morte
754 527 837 591 cadit
860 529 1045 611 captiuaque
1069 530 1169 611 pubes

342 650 450 712 pressa
472 631 563 694 malis
588 630 750 696 dominum
772 633 882 698 multis
905 635 1108 718 plangoribus
1132 632 1197 716 egit

342 736 476 799 intuitus
501 736 638 800 conferre
660 737 729 819 pios
752 738 939 820 plebemque
961 739 1061 804 tueri:

142 842 207 906 120
286 858 320 910 24
344 842 418 904 dum
441 861 562 907 memor
583 843 614 905 in
639 844 777 907 saeclum
802 863 909 908 secum
932 864 990 908 sue
1012 845 1093 909 dona
1114 843 1242 909 reuolui*

341 949 403 1010 iam
428 947 547 1010 dudum
569 948 723 1030 promisse
745 949 846 1025 bonis,
871 969 949 1031 quee
972 954 1112 1032 tempore
1136 950 1227 1030 coept

343 1053 483 1116 audierat
505 1057 638 1117 uentura
662 1054 727 1118 suis
751 1056 906 1119 Abramus
931 1059 1047 1119 etune
1191 1061 1192 1064 ’

344 1159 453 1223 Isecus
476 1160 641 1242 lectusque
666 1161 777 1225 dehinc
801 1162 840 1224 ad
863 1165 971 1226 sancta
994 1163 1137 1226 Iacobus.

287 1280 320 1332 25
344 1265 468 1347 iamque
492 1267 584 1330 deum
608 1268 717 1331 mitem
740 1269 886 1330 tutellam
909 1268 1038 1330 fundere
1063 1268 1148 1332 caelo

143 1375 207 1437 125
339 1392 416 1457 gens
440 1391 589 1455 oppressa
610 1373 708 1450 uidet,
734 1373 808 1436 dum
832 1392 940 1455 pacem
963 1373 1066 1456 poscit
1089 1374 1126 1436 ab
1150 1372 1233 1436 altis.

220 1479 240 1543 3
306 1496 320 1548 1
388 1479 435 1543 Ac
459 1478 533 1541 dum
556 1477 710 1561 lanigeras
735 1479 835 1542 soceri
857 1497 912 1560 per
933 1498 1005 1542 rure
1028 1478 1172 1542 bidentes

226 1655 229 1659 ,
342 1585 449 1648 Moses
473 1583 560 1647 solus
584 1583 659 1665 egit,
684 1583 797 1646 sacrati
820 1583 858 1645 ed
882 1583 1019 1646 culmina
1043 1583 1132 1647 collis

345 1689 481 1762 deuenit,
505 1674 648 1752 Hebraea
671 1707 763 1769 quem
788 1687 864 1751 dicit
885 1688 995 1770 lingua
1019 1687 1206 1752 Chorebum.

303 1811 319 1863 2
342 1794 374 1858 in
397 1814 459 1876 quo
483 1794 651 1876 conspicue
673 1794 868 1857 flammarum
890 1793 1034 1875 lampade
1058 1793 1156 1857 cernit

345 1917 530 1982 procuruem
553 1899 673 1979 fulgere
696 1900 810 1962 rubum
832 1918 932 1980 neque
955 1900 1081 1982 ignibus
1105 1899 1162 1961 uri.

301 2001 319 2075 '3
343 2006 504 2088 permotus
527 2004 666 2068 nouitate
688 2004 734 2067 rei
758 2005 928 2087 disquirere
951 2005 1078 2088 gaudet,

341 2111 450 2176 fomite
475 2129 536 2191 quo
559 2109 685 2173 tandem
708 2113 774 2172 tem
798 2112 880 2174 clere
901 2110 1044 2175 incendia
1067 2112 1207 2193 surgent.

303 2236 319 2287 4
345 2219 481 2299 dumque
504 2237 623 2299 pauens
642 2216 738 2281 tacite
762 2238 795 2281 se
819 2218 966 2281 iamiam
990 2216 1154 2282 conminus
1179 2214 1277 2290 offert,

341 2324 451 2387 inclite
474 2323 586 2386 siderei
608 2323 791 2405 prohibetur
813 2342 891 2388 uoce
913 2323 1051 2388 tonantis

165 2432 202 2486 ‘5
304 2448 320 2498 o
343 2430 469 2493 incessu
491 2447 655 2511 properare
678 2429 758 2503 cit03
783 2429 839 2492 sed
863 2429 972 2493 sistere
996 2447 1140 2512 gressum

337 2539 368 2600 et
389 2538 573 2618 tegumenta
592 2535 711 2616 pedum
734 2535 868 2617 geminis
891 2554 962 2599 mon
986 2534 1107 2598 demere
1129 2531 1246 2614 plantis

342 2640 483 2722 cogitur:
509 2641 540 2703 et
562 2643 650 2721 paret
672 2641 810 2702 secretae
834 2639 873 2703 ob
897 2639 1034 2702 culmina
1055 2641 1164 2701 terrae.

301 2762 317 2814 6
340 2766 411 2810 mox
434 2747 529 2811 timor
550 2746 724 2830 ingreditur
747 2765 858 2810 sensus
880 2746 1049 2827 lumenque
1074 2744 1189 2827 caliget

340 2853 458 2916 lumine
483 2852 520 2916 de
543 2852 650 2930 nimio,
675 2853 836 2917 dominum
859 2853 932 2934 quie
955 2871 1078 2916 cernere
1100 2870 1161 2915 non
1186 2851 1234 2914 est

142 2958 205 3021 140
342 2959 389 3023 fes
409 2959 565 3041 cuiquem,
584 2960 772 3040 uultumque
796 2959 892 3023 simul
915 2961 1008 3040 atque
1032 2977 1085 3023 ore
1107 2956 1276 3038 retorquet.

301 3081 316 3133 7
340 3067 409 3128 turn
432 3084 493 3130 uox
515 3065 613 3129 missa
635 3067 735 3141 sonet,
760 3084 821 3147 qua
843 3084 877 3130 se
899 3068 953 3128 rex'
973 3065 1102 3129 inclitus
1124 3064 1194 3127 infit

341 3190 410 3235 esse
434 3171 528 3234 deum
550 3191 723 3253 procemm,
748 3171 867 3235 dudum
890 3190 969 3253 quos
994 3171 1128 3234 diximus
1152 3189 1221 3235 esse

342 3276 524 3341 credentum
547 3277 694 3359 uitaeque
719 3278 824 3343 duces.
848 3279 918 3340 tum
940 3277 1016 3340 talia
1039 3277 1165 3341 subdit:

344 3385 428 3462 „lam
452 3389 599 3467 conperta
621 3386 700 3449 mibi
725 3388 852 3467 totoque
875 3386 948 3471 <et>
971 3386 1091 3450 lumine
1115 3386 1186 3451 uisa

229 3541 280 3594 129
300 3542 350 3610 sq]
365 3540 472 3594 Alcuini
487 3541 564 3610 epist.
579 3540 630 3593 252
647 3541 830 3606 (Monumenta
848 3540 1008 3595 Alcuiniena
1025 3560 1051 3611 p.
1066 3541 1128 3608 802)
1142 3561 1147 3594 :
1162 3542 1277 3612 Legitur

140 3628 210 3680 enim
238 3629 265 3680 iu
293 3632 377 3682 metro
398 3629 469 3698 quod
496 3630 524 3682 in
552 3629 693 3699 eptatheco
718 3629 899 3693 conscribitur,
918 3629 1089 3684 huiusmodi
1108 3647 1217 3684 uersus:
1245 3630 1277 3683 In

141 3731 193 3783 quo
212 3716 352 3802 censpicua
373 3747 406 3754 -
425 3715 533 3784 ignibus
552 3717 602 3770 uri.

177 3873 227 3924 117
241 3871 320 3941 pubis
334 3872 361 3924 A
415 3874 466 3926 121
486 3877 562 3943 cepto
577 3873 604 3926 A
659 3874 709 3926 124
723 3875 822 3927 tutella
834 3873 974 3927 infundere
988 3875 1015 3927 A
1034 3890 1100 3928 corr.
1116 3894 1132 3925 c
1148 3873 1276 3941 (Meyer)

143 3960 193 4012 125
211 3960 322 4013 uiditA
341 3976 407 4015 corr.
422 3981 439 4012 π
496 3962 545 4014 128
560 3961 696 4015 ebraeuA
732 3962 897 4015 corebumA
952 3962 1003 4015 130
1016 3961 1165 4014 rubrumA
1183 3960 1278 4013 rubum

142 4048 276 4100 elicuimus
344 4048 394 4100 133
414 4065 442 4101 se
461 4049 601 4117 iamiamp
638 4066 665 4102 se
684 4050 737 4102 iam
752 4052 779 4102 A
815 4067 873 4103 sese
892 4051 976 4103 iamir
1042 4049 1091 4102 135
1112 4047 1189 4101 seder
1208 4050 1278 4100 seA

144 4135 193 4188 138
211 4151 294 4203 rnarg.
313 4135 400 4187 morsi.
412 4137 436 4185 3<
446 4137 473 4187 A
555 4137 603 4189 141
625 4154 652 4190 so
671 4154 715 4190 ren
733 4138 865 4191 KBecbcr
878 4140 951 4191 senix
965 4139 991 4190 A
1061 4139 1111 4190 144
1130 4140 1158 4190 et
1177 4135 1241 4189 add.
1256 4153 1279 4204 p

143 4239 194 4277 om.
208 4224 235 4276 A
271 4223 372 4275 lumina
385 4224 412 4274 A
431 4240 497 4277 corr.
512 4244 529 4275 π
