2986 4920
539 353 861 408 191119911919919

263 549 401 614 cratibus
426 550 592 632 impositos
617 549 770 615 subiectis
794 570 884 614 urere
908 550 1044 614 fiammis

150 696 156 714 .
262 657 369 719 991991
390 659 427 719 91
449 656 520 737 1999
543 674 629 732 snos,
653 657 699 720 sic
723 662 830 720 cernat
852 676 962 738 aspera
983 659 1074 720 99199

261 780 363 842 99999
386 766 441 826 991
464 781 558 845 quem
581 766 716 837 maneat,
742 764 859 827 celeres
885 763 976 827 decet
1000 781 1069 827 esse
1092 760 1263 826 ministros

306 869 431 933 Interea
453 869 609 934 foecunda
632 889 744 953 991999
768 870 831 933 1919
855 871 940 934 crine
965 870 1071 934 soluta

264 976 368 1039 astitit
390 976 529 1040 hortanti
553 977 677 1052 similis,
701 976 763 1040 iam
787 979 914 1060 pectore
938 976 1022 1040 nudo

262 1083 360 1146 ubera
381 1082 582 1164 protendens,
607 1087 753 1148 natorum
777 1083 928 1147 alimenta
951 1102 1100 1146 suorum:

153 1192 166 1247 ῑ
177 1192 190 1248 ἴ
266 1206 327 1252 999
352 1189 484 1254 9991999
508 1189 608 1255 stetit.
632 1194 805 1271 natumque
828 1194 866 1252 ut
889 1189 971 1253 uidit
994 1188 1034 1252 ad
1056 1189 1146 1271 ignes

265 1295 465 1360 inconstante
489 1295 589 1379 gradu
612 1296 762 1360 timidum
784 1295 963 1379 procedere,
988 1294 1084 1358 dixit:

264 1405 300 1465 tu
323 1421 395 1466 mea
418 1404 595 1486 progenies,
619 1407 654 1467 tu
678 1404 788 1486 prima,
812 1403 934 1485 respice
957 1406 1100 1478 matrem,

266 1513 300 1572 tu
325 1527 408 1573 nunc
433 1512 516 1573 certe
539 1528 641 1585 meus,
664 1529 715 1574 199
738 1510 802 1573 iam
825 1514 861 1573 tu
885 1513 957 1573 uate
981 1512 1150 1585 memento,

265 1619 297 1679 te
320 1615 460 1698 primum
482 1605 600 1698 999911,
624 1618 660 1678 19
684 1635 767 1680 9999
790 1616 914 1679 11911919
937 1620 1109 1698 parentem,

163 1723 170 1739 ³
266 1740 356 1785 sume
379 1741 468 1786 meos
491 1741 606 1787 mores.
631 1725 663 1786 et
685 1742 792 1806 regem
816 1723 909 1787 uince
931 1722 1065 1788 tacendo

264 1833 300 1891 tu
323 1829 442 1912 9919119
467 1829 578 1892 durare
603 1829 676 1893 diu:
701 1831 746 1893 919
769 1832 911 1913 tempora
933 1830 1043 1893 uinces

265 1936 394 2018 perfida,
419 1956 457 2000 ne
482 1940 609 2019 superet
633 1939 759 2001 sanctos
782 1936 936 2000 uiolentia
958 1936 1064 2018 Regis.

266 2047 355 2107 utere
379 2043 522 2120 consilio,
546 2043 643 2126 Regis
668 2063 706 2107 ne
730 2043 843 2107 damna
866 2043 987 2118 timete,

264 2149 376 2214 fortior
399 2153 448 2214 est
469 2150 531 2215 isto
556 2168 693 2232 saxoque
716 2149 876 2232 potentior
897 2149 987 2232 ipso:

165 2258 191 2312 ’ἴ
265 2255 428 2338 ingredere
452 2256 648 2332 911999919,
672 2256 828 2338 patienter
850 2256 943 2320 uince
967 2255 1117 2320 dolorem.

308 2362 366 2426 1119
389 2363 484 2427 19919
508 2362 547 2426 91
570 2365 703 2426 matrem
727 2362 849 2440 uultus,
872 2362 967 2426 modo
990 2361 1077 2425 tollit
1097 2360 1129 2424 in
1154 2360 1264 2436 altum,

266 2467 403 2554 dumque
428 2473 522 2546 tacet,
547 2470 726 2551 tacitusque
750 2474 842 2553 rogat
864 2489 958 2550 quem
982 2468 1085 2544 debet,
1111 2469 1142 2531 et
1165 2469 1243 2544 orat,

265 2596 326 2639 non
351 2576 451 2641 999911
472 2576 600 2660 1991199
625 2577 786 2641 subiectos
811 2577 949 2640 cratibus
972 2576 1073 2659 ignes

264 2702 378 2764 corpus
402 2683 494 2747 inane
518 2683 715 2755 1911199191
738 2684 850 2767 ganisa
874 2683 981 2747 dolore
1006 2684 1064 2759 est,

265 2793 297 2853 et
320 2789 415 2852 dixit:
441 2790 522 2861 Vici,
546 2790 673 2854 uincam
699 2790 725 2854 si
749 2791 876 2872 saepius
901 2809 997 2864 91919,

265 2895 357 2960 duret
381 2900 528 2961 natorum
551 2897 656 2962 uirtus
679 2897 841 2979 incognita
863 2896 955 2980 Regi,

264 3002 320 3066 sed
342 3003 406 3066 iam
429 3005 504 3067 nota
527 3002 597 3070 199.
620 3003 730 3086 999911
754 3003 808 3083 qui
831 3005 960 3085 pectora
982 3001 1081 3066 99911.

308 3109 449 3173 Finierat
472 3109 564 3191 primi
588 3113 698 3191 partus
721 3108 876 3173 foecunda
900 3109 1050 3185 dolorem,

264 3217 320 3281 sed
343 3220 524 3280 remanente
548 3219 636 3281 metu
660 3236 716 3299 pro
739 3217 884 3299 pluribus
909 3216 998 3280 anxia
1020 3218 1130 3290 mater,

174 3327 188 3377 ι’
263 3323 507 3404 dissimulatque
529 3326 647 3399 tamen,
671 3343 710 3387 99
733 3323 853 3406 Regem
877 3321 994 3406 gandia
1015 3324 1157 3405 tangant.

264 3449 316 3493 ren
340 3433 450 3512 stupet
472 3428 660 3505 Antiochus,
684 3448 742 3493 999
766 3429 866 3493 919111
889 3448 983 3512 99999
1008 3431 1176 3511 sequentes

165 3551 450 3620 5099199191999919
505 3551 539 3604 52
554 3551 643 3604 soluto
700 3551 860 3620 5511119999
916 3551 950 3603 57
964 3551 1066 3620 9111999
1117 3549 1278 3620 5819919191

128 3639 221 3693 matris
276 3639 438 3708 6119119111

163 3766 197 3819 49
217 3762 345 3819 Gratibns
382 3764 515 3834 inpositos
535 3762 670 3817 subiectos
726 3763 760 3817 50
779 3764 851 3833 ipsas
871 3781 919 3816 nos
935 3764 972 3816 919
988 3780 1082 3832 999919
1098 3766 1201 3829 (cernat
1215 3769 1280 3830 9991

128 3851 247 3921 sicem.)
338 3854 370 3906 al
391 3853 446 3906 Poe
466 3856 595 3922 autquem
613 3857 705 3906 manet
796 3853 830 3906 53
851 3851 948 3906 Stabat
968 3856 995 3905 et
1012 3851 1134 3904 hortanti
1170 3855 1278 3921 pectore

127 3943 162 3995 55
180 3942 276 4011 ignes:
296 3959 310 3995 e
330 3942 389 3995 991
467 3942 705 4011 579111991991.
725 3947 810 3996 199119
888 3941 922 3995 58
942 3958 1011 3994 9999
1030 3957 1080 3993 ora.
1118 3957 1160 3993 199
1179 3940 1277 3993 191919

127 4029 164 4099 9.]
183 4034 379 4084 9999911999.
435 4029 470 4084 60
488 4030 571 4100 meos]
591 4031 671 4084 metis
727 4030 865 4084 61919919
921 4029 955 4084 62
975 4032 1101 4099 9999191
1161 4028 1195 4082 63
1215 4045 1277 4080 999-

128 4119 218 4172 silium
256 4119 372 4190 dampna
389 4119 486 4173 timeto
547 4119 724 4189 6499119191
745 4137 772 4173 99
793 4123 863 4173 99119
919 4118 1083 4172 6519119999
1157 4117 1278 4170 6719911

130 4209 291 4278 9991111999
364 4209 398 4262 68
418 4207 565 4278 subiectos]
585 4207 681 4262 subtus
701 4207 823 4277 gradibus
884 4208 1013 4274 7119991
1064 4202 1277 4260 cenomanen

129 4297 162 4350 76
183 4295 274 4350 credat
306 4314 421 4367 sequens

182 4395 266 4434 xxnt.
282 4396 350 4446 cypr.
366 4402 425 4445 poet.
1068 4394 1099 4446 17
