2986 4920
521 294 563 346 de
592 293 782 362 martyrio
811 291 1129 345 Maccahaeorum
1324 287 1388 351 253

374 495 421 565 tu,
445 490 516 553 linis
540 493 649 572 partus
674 488 807 568 finisque
831 487 936 550 sutura
959 485 1124 560 malorum,

376 597 405 660 si
426 599 458 660 te
482 615 556 661 aura
580 596 643 658 mei
666 595 778 678 tangit,
804 594 830 658 si
853 593 963 657 matris
988 593 1137 656 honorem

376 706 481 766 mente
504 703 556 785 pia
579 702 714 776 retines;
739 700 885 782 quamuis
910 700 953 764 sis
978 718 1067 763 carus
1092 701 1124 762 et
1146 697 1257 770 infans,

374 802 560 893 hoo'magis
584 828 657 872 aure
682 807 775 872 auida
798 808 892 872 dietis
916 806 1050 870 adtende
1074 804 1221 888 parentis.

374 917 511 1000 primum
536 916 632 988 disee,
656 935 743 997 puer,
768 914 844 996 quid
868 914 912 978 sis
935 916 1009 1002 post
1031 912 1093 976 ista
1115 911 1252 984 futurus

375 1023 403 1087 si
425 1024 548 1106 patiens
572 1022 689 1097 lueris3
713 1021 798 1104 quod
821 1024 853 1086 te
876 1020 965 1096 milri,
990 1038 1069 1095 aare,
1093 1019 1235 1081 futurum

374 1130 456 1193 facta
482 1129 605 1194 dorent.
630 1129 761 1192 fratrum
787 1130 967 1192 sanctorum
990 1127 1022 1190 in
1045 1128 1133 1209 parte
1157 1124 1298 1188 manebis

267 1240 278 1254 '
376 1240 408 1300 et
431 1237 537 1319 requie
562 1255 693 1301 securus
717 1235 788 1311 eris,
813 1235 888 1298 dum
912 1234 1040 1298 saecula
1062 1250 1174 1297 cursus

376 1363 472 1408 saeua
494 1364 570 1410 suos
593 1345 758 1427 peragunt.
784 1343 872 1406 linito
895 1345 1037 1424 tempore
1060 1341 1156 1422 longo

376 1451 455 1515 lrano
478 1452 583 1515 luoem
606 1453 751 1533 repetens
775 1452 963 1529 aeternaque
986 1467 1080 1531 regna
1105 1446 1239 1510 uidebis.

378 1577 438 1622 non
462 1559 621 1622 maculata
644 1556 748 1621 malis.
772 1556 828 1620 sed
853 1554 912 1619 erit
936 1553 1099 1618 eoncordia
1124 1552 1260 1626 sanetis;

376 1682 433 1728 neo
456 1663 551 1728 morti
574 1664 664 1727 loeus
688 1662 774 1725 ullus
800 1661 868 1726 erit.
893 1679 950 1724 neo
974 1659 1058 1723 bella
1082 1659 1186 1724 uitatis

377 1769 615 1833 committantur
637 1768 738 1850 equis,
763 1768 819 1832 sed
841 1787 899 1851 pax
923 1769 1050 1831 aeterna
1072 1765 1220 1830 manebit.

375 1875 467 1938 matri
491 1875 581 1940 erede
605 1878 688 1950 tuae,
713 1893 793 1956 quae
816 1878 848 1938 te
873 1874 960 1956 eupit
983 1892 1053 1937 esse
1077 1872 1200 1936 salutis.

375 1981 437 2045 heu
460 1981 549 2057 milri,
574 2000 630 2046 eur
652 1981 737 2044 tristi
760 1982 854 2045 uultu
878 2000 948 2044 mea
972 1980 1057 2044 diota-
1080 1980 1231 2061 repellis?

376 2088 450 2169 quid
474 2088 619 2172 refugis?
643 2089 886 2164 misereremei,
910 2087 1058 2152 miserere
1080 2087 1209 2168 tuique!

376 2195 404 2258 si
424 2195 530 2267 liceat,
553 2196 638 2278 prior·
660 2196 704 2259 ire
727 2195 844 2259 uelim:
868 2198 957 2259 uetat
981 2197 1071 2259 eoae!
1096 2194 1152 2259 sed
1170 2195 1222 2257 ino

276 2305 301 2365 ’ἱ
376 2305 462 2377 tuno,
487 2321 559 2365 oum
583 2302 736 2367 uictorem
760 2302 935 2377 tamdem,
959 2304 1042 2378 nate,
1066 2302 1230 2365 malorum.

376 2408 451 2489 quid
474 2428 598 2491 sperare
622 2410 737 2473 iubes?
762 2410 850 2474 solus
874 2427 944 2472 mea
968 2397 1051 2472 dicia
1073 2408 1215 2485 moraris

376 2515 463 2580 solus
486 2515 590 2580 adlruo
614 2516 709 2579 etiam
731 2535 862 2580 reuooas
885 2515 973 2590 milri,
998 2517 1079 2591 nate,
1105 2514 1254 2579 dolorem.

377 2622 498 2688 adnuis.
523 2642 561 2686 an
587 2622 716 2687 damnas
741 2625 772 2687 et
794 2643 844 2687 me
869 2622 1044 2703 fratresque
1068 2629 1256 2706 genusque?

377 2729 461 2811 quod
485 2750 523 2794 ne
547 2730 626 2794 sorte
651 2729 742 2803 uella,
767 2749 819 2794 oro
843 2732 875 2793 te
900 2733 931 2792 et
955 2729 1113 2812 deprecor.
1137 2730 1229 2793 audii

377 2836 425 2900 his
450 2856 507 2920 ego
531 2840 563 2901 te
587 2856 720 2920 paruum
739 2836 874 2913 nutriui,
898 2839 979 2910 nate,
1004 2836 1141 2920 papillis,

376 2943 425 3007 his
449 2962 568 3026 precor,
594 2946 625 3007 et
648 2943 793 3007 lacrimas
817 2946 848 3007 ie
872 2946 1009 3026 propter,
1034 2946 1116 3020 nate,
1140 2944 1305 3026 profundo,

374 3070 412 3114 ne
435 3069 595 3114 remanere
620 3051 719 3114 uelis:
743 3051 919 3114 remanebis
943 3052 1031 3115 solus
1056 3054 1088 3114 et
1111 3051 1224 3127 orbus;

374 3177 435 3222 non
459 3157 517 3220 tibi
540 3157 602 3220 ianr
627 3157 723 3221 frater
746 3161 795 3222 est
817 3158 913 3222 ullus.
938 3158 1057 3222 solacia
1079 3157 1164 3221 uitae

375 3262 445 3346 quis
470 3263 581 3327 dabit?
606 3264 667 3328 lreu
692 3265 779 3329 solus
803 3268 937 3329 matrem
960 3265 1150 3330 confundere
1173 3268 1310 3348 temptas

286 3376 300 3434 ἔ
375 3374 407 3434 et
430 3391 530 3454 genus
555 3374 587 3434 et
609 3371 753 3453 patriam,
778 3372 805 3436 si
827 3372 904 3436 talia
928 3372 1010 3436 dieta
1035 3391 1172 3437 recusas.

375 3497 392 3540 o
416 3481 532 3558 quanto
556 3478 672 3542 melius
696 3479 796 3542 uitam
820 3479 963 3544 seruabis
987 3479 1018 3542 in
1043 3498 1169 3554 aeuum,

275 3694 328 3747 343
347 3694 435 3748 future
450 3694 493 3763 Ps
508 3696 598 3766 futura
613 3696 636 3749 0
652 3697 743 3749 sutura
758 3696 800 3748 Lo
856 3697 908 3750 350
929 3713 1004 3750 carus
1023 3697 1095 3750 CIL
1113 3714 1163 3751 orrr.
1175 3697 1219 3766 Bf
1269 3699 1319 3752 351
1341 3697 1388 3752 ad.

240 3781 330 3852 tende]
349 3782 427 3836 OPL
491 3783 543 3837 363
562 3787 589 3837 te
609 3801 660 3838 om.
680 3800 739 3838 carna
759 3786 862 3838 lacerno
877 3801 973 3852 paruo
989 3785 1033 3853 Bf
1048 3791 1078 3839 lu
1092 3786 1118 3839 L
1178 3788 1229 3840 355
1249 3787 1348 3841 securis
1363 3789 1390 3841 P

240 3871 291 3924 356
302 3887 367 3924 seua
375 3870 423 3924 01:
473 3872 524 3925 357
539 3872 841 3942 repetesFubrtcdnaf
882 3874 935 3928 358
950 3874 1060 3928 sederit
1079 3876 1161 3944 ronta]
1181 3892 1314 3946 nusquam
1324 3894 1388 3932 con·

239 3959 322 4013 traria
330 3961 353 4027 f
403 3960 454 4014 359
472 3962 546 4015 locos
561 3960 588 4012 P
641 3962 694 4016 360
713 3962 938 4016 eornmitanturP
951 3963 1148 4016 comitenturB
1163 3965 1368 4020 commiscentur
1371 3967 1395 4035 f

257 4047 334 4102 sedet
341 4048 364 4116 f
417 4048 468 4102 361
484 4051 589 4102 saluum
607 4066 675 4119 quae
690 4054 717 4103 te
733 4051 808 4120 eupit
823 4052 915 4119 essaf
970 4051 1021 4105 365
1037 4052 1111 4121 tnnc]
1126 4053 1200 4106 lrcL
1255 4054 1307 4109 367
1326 4057 1363 4109 mi
1371 4057 1395 4125 f

238 4137 290 4191 368
314 4135 420 4206 adnuis]
440 4136 467 4188 P
506 4155 548 4192 me
573 4156 624 4193 ora.
644 4139 671 4192 B
711 4140 801 4193 fratris
824 4139 872 4193 CB
963 4140 1012 4193 371
1038 4141 1085 4194 lras
1111 4141 1193 4194 etiarn
1213 4142 1362 4213 lachrymas
1371 4147 1395 4215 f

238 4230 291 4284 372
305 4229 387 4285 urbua
398 4231 425 4284 P
478 4233 530 4285 373
545 4232 629 4287 frater
644 4238 685 4286 est
699 4234 781 4303 ullusl
795 4236 914 4304 insuper
929 4240 971 4288 asi
987 4238 1018 4299 (a.
1034 4235 1106 4288 ullus
1116 4239 1161 4303 ss.)
1175 4236 1199 4288 L
1214 4237 1324 4306 solacia]
1339 4237 1392 4292 GP
