2986 4920
578 356 620 408 dc
648 353 903 408 Mac-habaeis
1228 356 1293 419 269

280 561 311 621 te
335 575 446 637 precor
468 574 524 636 per
547 554 614 630 bas,
640 572 718 634 quas
742 553 817 617 noui
840 552 908 615 fudi
932 571 1085 615 meorum.

279 668 315 728 ut
338 683 498 728 remanere
522 661 614 728 uelis.
639 660 815 724 remanebis
840 660 928 725 solus
953 663 985 723 et

280 791 341 834 non
365 769 424 834 tibi
448 769 511 832 iam
535 770 645 832 fratres
671 767 813 832 dederint
836 767 951 830 solatia
973 766 1078 830 uitae:

280 877 473 952 defecerunt,
497 894 606 952 unum,
631 893 730 936 unum
754 872 838 953 quod
862 876 1017 953 superest,
1041 876 1173 936 matrem
1233 874 1248 903 ³*

149 984 205 1045 τ’,
283 986 316 1045 et
339 999 438 1065 genus
464 983 496 1043 et
518 979 652 1061 patriam
677 979 703 1042 si
727 978 805 1041 talia
828 977 913 1042 dicta
935 998 1074 1042 recusas.

280 1088 343 1151 heu
368 1089 484 1167 quanto
509 1085 623 1148 melius
648 1083 746 1148 uitam
772 1085 914 1148 seruabis
1033 1158 1034 1162 Ἰ

281 1195 308 1258 si
332 1194 430 1258 facias
454 1194 582 1256 tandem
607 1191 757 1274 quicquid
781 1192 881 1256 fecero
905 1193 1043 1274 priores:

282 1301 433 1365 audenter
457 1300 577 1381 depone
600 1303 716 1364 metus.
742 1299 862 1380 depono
885 1300 1042 1364 timorem.

280 1408 409 1489 concipe
433 1410 538 1470 mente
564 1406 667 1473 deum.
692 1406 777 1469 uires
802 1405 890 1469 dabit
911 1405 966 1469 ille
990 1405 1109 1470 uiriles.

323 1513 411 1576 Haec
436 1513 511 1575 dum
534 1514 636 1575 mater
659 1511 734 1594 agit,
759 1531 838 1592 puer
862 1512 900 1574 ad
923 1513 1091 1593 praecepta
1113 1513 1253 1594 parentis

280 1619 421 1702 respicit,
447 1623 478 1683 et
502 1620 607 1683 solum
631 1638 664 1682 se
688 1618 771 1682 uidit
795 1638 864 1682 esse
888 1619 1046 1682 relictum.

280 1727 413 1792 sustulit
436 1728 474 1791 ad
499 1729 622 1792 caelum
645 1728 767 1793 uultus.
792 1728 976 1809 palmasque
1001 1727 1140 1809 supinas.

280 1836 312 1896 ct
335 1833 381 1897 sic
405 1853 484 1898 uoce
507 1836 619 1915 petens
644 1835 805 1896 aeternum
831 1834 945 1896 numeri
970 1833 1088 1907 adorat,

280 1960 375 2006 sensu
401 1945 432 2004 et
456 1940 502 2005 sio
525 1940 642 2022 pariter
666 1958 774 2004 secum
798 1943 940 2024 nutuque
964 1939 1113 2022 rogabat:

144 2084 173 2107 .‹
279 2048 422 2111 uinceret
444 2050 481 2110 ut
503 2066 620 2130 regem.
646 2065 759 2110 saeuos
785 2049 817 2110 et
839 2046 981 2110 uinceret
1002 2045 1103 2128 ignes,

281 2158 374 2236 atque
398 2154 444 2217 ita
467 2174 528 2218 non
553 2155 670 2238 segnis,
695 2174 752 2218 neo
775 2173 830 2235 pro
854 2153 1030 2235 puerilibus
1054 2154 1144 2218 annis

278 2261 405 2344 prosilit
427 2262 604 2343 intrepidus
628 2262 751 2326 medios
776 2261 918 2343 dilapsus
942 2261 973 2324 in
997 2261 1097 2344 ignor,

280 2372 312 2432 et
334 2369 414 2433 uioit
439 2368 592 2451 quidquid
616 2373 692 2447 erat,
718 2370 764 2434 sio
787 2373 823 2433 ut
846 2370 946 2433 uitam
969 2370 1063 2433 iniret
1084 2370 1117 2434 in
1143 2371 1242 2434 altum
1276 2370 1292 2402 ³*

281 2475 422 2557 spiritus,
448 2478 480 2538 et
501 2475 633 2539 fratrum
656 2479 779 2558 peteret
802 2480 923 2541 secreta
946 2476 1095 2558 priorum.

324 2583 409 2646 Dum
432 2602 511 2664 puer
533 2583 595 2646 ista
619 2583 701 2667 gerit
723 2585 889 2648 soluerunt
912 2585 1026 2668 gaudia
1049 2586 1193 2661 matrem,

279 2688 405 2769 iamque
430 2691 467 2751 ut
490 2690 556 2751 erat
578 2689 698 2753 lassata
720 2689 824 2766 malis,
849 2690 912 2752 iam
937 2710 1014 2754 uoce
1039 2692 1162 2773 negata,

280 2794 452 2876 suspirans,
477 2793 622 2875 interque
646 2813 758 2858 manus
783 2796 924 2877 collapsa
947 2816 1087 2873 suorum,

280 2899 418 2963 concidit
442 2899 602 2976 exanimis,
627 2901 830 2982 resolutaque
853 2903 994 2966 membra
1017 2902 1175 2983 quierunt.

279 3007 325 3071 sic
347 3007 419 3089 ipsa
444 3010 476 3070 et
498 3007 564 3070 nati
588 3010 769 3071 sanctorum
793 3007 825 3071 in
847 3013 936 3090 parte
960 3011 1087 3091 recepta
1112 3013 1170 3075 est.

648 3129 788 3194 FINIS.

178 3288 231 3340 366
249 3290 278 3340 te
296 3303 343 3356 por
362 3303 412 3355 ego
431 3286 480 3339 has
499 3304 599 3357 precor,
620 3291 648 3340 et
665 3288 744 3341 fletus
764 3287 947 3356 lacrymasque
967 3304 1094 3350 uranum,
1177 3288 1228 3340 367
1248 3289 1286 3357 ct]

143 3379 173 3429 et
188 3375 269 3429 huius
323 3375 375 3427 369
390 3373 534 3428 dedecoras
549 3375 662 3428 fratrum
676 3375 846 3429 sanctissima
859 3375 977 3438 nomina,
992 3379 1114 3434 matrem.
1170 3377 1220 3430 371
1234 3393 1290 3431 ser-

142 3462 221 3518 uabis
239 3465 269 3516 in
287 3480 391 3527 acuum,
449 3464 500 3517 376
520 3463 591 3517 uidit
609 3468 641 3517 ut
660 3481 718 3518 esse
772 3464 825 3518 383
845 3464 916 3517 Vicit
936 3464 1064 3534 quicquid
1084 3471 1142 3519 crat
1160 3467 1198 3519 sic
1217 3470 1248 3519 ut
1263 3483 1289 3518 u.

141 3555 195 3607 iret
212 3553 231 3605 i.
250 3570 275 3607 a.
329 3551 381 3606 384
399 3551 513 3622 piorum.

1233 661 1248 690 dl·

178 3695 229 3746 367
249 3695 320 3747 solus
341 3693 377 3764 et]
399 3696 426 3746 et
445 3694 518 3746 solus
591 3695 643 3748 368
663 3694 795 3764 dederint]
811 3696 852 3748 tui
889 3696 991 3748 solacia
1046 3697 1098 3749 369
1113 3698 1289 3750 uuumaemel

143 3781 196 3835 370
214 3783 301 3851 patria
337 3798 442 3835 recuses
511 3783 561 3836 371
584 3787 713 3853 quantum
782 3783 971 3853 tantundem]
992 3784 1119 3838 antedm
1157 3784 1289 3854 quidquid

142 3901 230 3961 lacere
303 3897 354 3950 373
374 3897 521 3952 audenter:
541 3899 671 3964 rtoasP')
693 3904 766 3952 eut
848 3900 900 3952 374
919 3899 1007 3952 uirilis
1095 3900 1145 3952 377
1166 3900 1291 3954 sustollit

143 4003 250 4058 anpmas
310 3987 362 4041 378
381 4004 477 4041 nomen
512 4005 536 4039 u.
553 3988 604 4041 379
618 4004 668 4041 ora.
684 3988 732 4040 sed
748 3988 876 4055 darferiorr?
893 3989 924 4039 ia
942 4005 1019 4056 τηαν]
1040 3989 1103 4041 odd
1125 3989 1162 4042 ol.
1182 4006 1215 4042 oa
1253 3989 1289 4041 Et

143 4076 181 4129 sic
205 4091 294 4129 secum
317 4092 412 4129 sensus
430 4076 532 4146 pariter
620 4075 673 4130 380
692 4076 799 4130 uincere
820 4079 921 4145 quent
944 4092 1035 4145 regom
1127 4077 1176 4131 381
1199 4078 1287 4147 adque.

143 4164 195 4219 382
213 4163 299 4219 medis
354 4164 406 4219 383
426 4164 554 4234 quicquid
591 4165 628 4218 sic
647 4165 687 4234 ut]
708 4165 731 4218 si
752 4167 794 4232 (ut
812 4168 874 4234 om.)
930 4165 983 4219 384
1000 4165 1106 4236 piorum
1162 4165 1213 4220 387
1229 4183 1290 4219 sus·

142 4255 213 4324 pirnt
231 4255 358 4325 conlapsa
384 4260 444 4320 poat
463 4254 532 4306 389:
551 4253 627 4307 Finit
646 4253 678 4306 de
697 4253 859 4307 machabeis
